%YAML 1.1
%TAG !u! tag:unity3d.com,2011:
--- !u!1 &8392460730961678049
GameObject:
  m_ObjectHideFlags: 0
  m_CorrespondingSourceObject: {fileID: 0}
  m_PrefabInstance: {fileID: 0}
  m_PrefabAsset: {fileID: 0}
  serializedVersion: 6
  m_Component:
  - component: {fileID: 8389588707731646589}
  m_Layer: 0
  m_Name: IndexFinger_01
  m_TagString: Untagged
  m_Icon: {fileID: 0}
  m_NavMeshLayer: 0
  m_StaticEditorFlags: 0
  m_IsActive: 1
--- !u!4 &8389588707731646589
Transform:
  m_ObjectHideFlags: 0
  m_CorrespondingSourceObject: {fileID: 0}
  m_PrefabInstance: {fileID: 0}
  m_PrefabAsset: {fileID: 0}
  m_GameObject: {fileID: 8392460730961678049}
  m_LocalRotation: {x: 0.00028049533, y: 0.065794446, z: 0.004253931, w: 0.99782413}
  m_LocalPosition: {x: -0.10396561, y: 0.003987151, z: 0.026726495}
  m_LocalScale: {x: 1, y: 1, z: 1}
  m_Children:
  - {fileID: 8390871094137188097}
  m_Father: {fileID: 8389197432177450393}
  m_RootOrder: 1
  m_LocalEulerAnglesHint: {x: 0, y: 0, z: 0}
--- !u!1 &8392467436856499687
GameObject:
  m_ObjectHideFlags: 0
  m_CorrespondingSourceObject: {fileID: 0}
  m_PrefabInstance: {fileID: 0}
  m_PrefabAsset: {fileID: 0}
  serializedVersion: 6
  m_Component:
  - component: {fileID: 8391248738274150385}
  m_Layer: 0
  m_Name: Finger_04
  m_TagString: Untagged
  m_Icon: {fileID: 0}
  m_NavMeshLayer: 0
  m_StaticEditorFlags: 0
  m_IsActive: 1
--- !u!4 &8391248738274150385
Transform:
  m_ObjectHideFlags: 0
  m_CorrespondingSourceObject: {fileID: 0}
  m_PrefabInstance: {fileID: 0}
  m_PrefabAsset: {fileID: 0}
  m_GameObject: {fileID: 8392467436856499687}
  m_LocalRotation: {x: 0.01664637, y: 0.096525334, z: -0.16913006, w: 0.98071444}
  m_LocalPosition: {x: -0.030032393, y: 2.126771e-16, z: -1.110223e-18}
  m_LocalScale: {x: 1, y: 1, z: 1}
  m_Children: []
  m_Father: {fileID: 8389309203769365919}
  m_RootOrder: 0
  m_LocalEulerAnglesHint: {x: 0, y: 0, z: 0}
--- !u!1 &8392471301418706285
GameObject:
  m_ObjectHideFlags: 0
  m_CorrespondingSourceObject: {fileID: 0}
  m_PrefabInstance: {fileID: 0}
  m_PrefabAsset: {fileID: 0}
  serializedVersion: 6
  m_Component:
  - component: {fileID: 8391321166988166289}
  m_Layer: 0
  m_Name: UpperLeg_R
  m_TagString: Untagged
  m_Icon: {fileID: 0}
  m_NavMeshLayer: 0
  m_StaticEditorFlags: 0
  m_IsActive: 1
--- !u!4 &8391321166988166289
Transform:
  m_ObjectHideFlags: 0
  m_CorrespondingSourceObject: {fileID: 0}
  m_PrefabInstance: {fileID: 0}
  m_PrefabAsset: {fileID: 0}
  m_GameObject: {fileID: 8392471301418706285}
  m_LocalRotation: {x: 0.04177524, y: 0.7058717, z: -0.70419, w: -0.06415935}
  m_LocalPosition: {x: 0.041157685, y: -0.026920697, z: -0.09896705}
  m_LocalScale: {x: 1, y: 1, z: 1}
  m_Children:
  - {fileID: 8391101262164652465}
  m_Father: {fileID: 8389408962500826413}
  m_RootOrder: 2
  m_LocalEulerAnglesHint: {x: 0, y: 0, z: 0}
--- !u!1 &8392479637639798259
GameObject:
  m_ObjectHideFlags: 0
  m_CorrespondingSourceObject: {fileID: 0}
  m_PrefabInstance: {fileID: 0}
  m_PrefabAsset: {fileID: 0}
  serializedVersion: 6
  m_Component:
  - component: {fileID: 8390899113500920519}
  m_Layer: 0
  m_Name: Thumb_02 1
  m_TagString: Untagged
  m_Icon: {fileID: 0}
  m_NavMeshLayer: 0
  m_StaticEditorFlags: 0
  m_IsActive: 1
--- !u!4 &8390899113500920519
Transform:
  m_ObjectHideFlags: 0
  m_CorrespondingSourceObject: {fileID: 0}
  m_PrefabInstance: {fileID: 0}
  m_PrefabAsset: {fileID: 0}
  m_GameObject: {fileID: 8392479637639798259}
  m_LocalRotation: {x: -0.039942026, y: -0.1178403, z: 0.14163578, w: 0.98206806}
  m_LocalPosition: {x: 0.06370146, y: -0.000007811825, z: 0.00000043638116}
  m_LocalScale: {x: 1, y: 1, z: 1}
  m_Children:
  - {fileID: 8390817889460386841}
  m_Father: {fileID: 8389106850922205253}
  m_RootOrder: 0
  m_LocalEulerAnglesHint: {x: 0, y: 0, z: 0}
--- !u!1 &8392508848006769055
GameObject:
  m_ObjectHideFlags: 0
  m_CorrespondingSourceObject: {fileID: 0}
  m_PrefabInstance: {fileID: 0}
  m_PrefabAsset: {fileID: 0}
  serializedVersion: 6
  m_Component:
  - component: {fileID: 8389552774238927605}
  m_Layer: 0
  m_Name: Clavicle_R
  m_TagString: Untagged
  m_Icon: {fileID: 0}
  m_NavMeshLayer: 0
  m_StaticEditorFlags: 0
  m_IsActive: 1
--- !u!4 &8389552774238927605
Transform:
  m_ObjectHideFlags: 0
  m_CorrespondingSourceObject: {fileID: 0}
  m_PrefabInstance: {fileID: 0}
  m_PrefabAsset: {fileID: 0}
  m_GameObject: {fileID: 8392508848006769055}
  m_LocalRotation: {x: 0.63248575, y: 0.5785476, z: 0.37547135, w: -0.35251346}
  m_LocalPosition: {x: -0.05801534, y: -0.04191418, z: 0.0744715}
  m_LocalScale: {x: 1, y: 1, z: 1}
  m_Children:
  - {fileID: 8389552792812723747}
  m_Father: {fileID: 8389543531187712909}
  m_RootOrder: 1
  m_LocalEulerAnglesHint: {x: 0, y: 0, z: 0}
--- !u!1 &8392513231444187439
GameObject:
  m_ObjectHideFlags: 0
  m_CorrespondingSourceObject: {fileID: 0}
  m_PrefabInstance: {fileID: 0}
  m_PrefabAsset: {fileID: 0}
  serializedVersion: 6
  m_Component:
  - component: {fileID: 8389197432177450393}
  m_Layer: 0
  m_Name: Hand_L
  m_TagString: Untagged
  m_Icon: {fileID: 0}
  m_NavMeshLayer: 0
  m_StaticEditorFlags: 0
  m_IsActive: 1
--- !u!4 &8389197432177450393
Transform:
  m_ObjectHideFlags: 0
  m_CorrespondingSourceObject: {fileID: 0}
  m_PrefabInstance: {fileID: 0}
  m_PrefabAsset: {fileID: 0}
  m_GameObject: {fileID: 8392513231444187439}
  m_LocalRotation: {x: -2.4156162e-17, y: -0.035830766, z: 1.6679253e-15, w: 0.9993579}
  m_LocalPosition: {x: -0.27114528, y: 0, z: -0.00038136425}
  m_LocalScale: {x: 1, y: 1, z: 1}
  m_Children:
  - {fileID: 8389088017844970889}
  - {fileID: 8389588707731646589}
  - {fileID: 8391242166873930931}
  m_Father: {fileID: 8390861886403949115}
  m_RootOrder: 0
  m_LocalEulerAnglesHint: {x: 0, y: 0, z: 0}
--- !u!1 &8392528056802397671
GameObject:
  m_ObjectHideFlags: 0
  m_CorrespondingSourceObject: {fileID: 0}
  m_PrefabInstance: {fileID: 0}
  m_PrefabAsset: {fileID: 0}
  serializedVersion: 6
  m_Component:
  - component: {fileID: 8390783855707380407}
  m_Layer: 0
  m_Name: IndexFinger_04 1
  m_TagString: Untagged
  m_Icon: {fileID: 0}
  m_NavMeshLayer: 0
  m_StaticEditorFlags: 0
  m_IsActive: 1
--- !u!4 &8390783855707380407
Transform:
  m_ObjectHideFlags: 0
  m_CorrespondingSourceObject: {fileID: 0}
  m_PrefabInstance: {fileID: 0}
  m_PrefabAsset: {fileID: 0}
  m_GameObject: {fileID: 8392528056802397671}
  m_LocalRotation: {x: -0.0045196484, y: -0.028039929, z: -0.15906802, w: 0.986859}
  m_LocalPosition: {x: 0.037793327, y: -0.0000052657088, z: -0.0000001550738}
  m_LocalScale: {x: 1, y: 1, z: 1}
  m_Children: []
  m_Father: {fileID: 8389572441846045411}
  m_RootOrder: 0
  m_LocalEulerAnglesHint: {x: 0, y: 0, z: 0}
--- !u!1 &8392587401657283723
GameObject:
  m_ObjectHideFlags: 0
  m_CorrespondingSourceObject: {fileID: 0}
  m_PrefabInstance: {fileID: 0}
  m_PrefabAsset: {fileID: 0}
  serializedVersion: 6
  m_Component:
  - component: {fileID: 8391201545233145579}
  - component: {fileID: 8472473918848010143}
  m_Layer: 0
  m_Name: Character_WorkingGirl_01
  m_TagString: Untagged
  m_Icon: {fileID: 0}
  m_NavMeshLayer: 0
  m_StaticEditorFlags: 0
  m_IsActive: 0
--- !u!4 &8391201545233145579
Transform:
  m_ObjectHideFlags: 0
  m_CorrespondingSourceObject: {fileID: 0}
  m_PrefabInstance: {fileID: 0}
  m_PrefabAsset: {fileID: 0}
  m_GameObject: {fileID: 8392587401657283723}
  m_LocalRotation: {x: 0, y: -0, z: -0, w: 1}
  m_LocalPosition: {x: -0, y: 0, z: 0}
  m_LocalScale: {x: 1, y: 1, z: 1}
  m_Children: []
  m_Father: {fileID: 8389487996572284325}
  m_RootOrder: 7
  m_LocalEulerAnglesHint: {x: 0, y: 0, z: 0}
--- !u!137 &8472473918848010143
SkinnedMeshRenderer:
  m_ObjectHideFlags: 0
  m_CorrespondingSourceObject: {fileID: 0}
  m_PrefabInstance: {fileID: 0}
  m_PrefabAsset: {fileID: 0}
  m_GameObject: {fileID: 8392587401657283723}
  m_Enabled: 1
  m_CastShadows: 1
  m_ReceiveShadows: 1
  m_DynamicOccludee: 1
  m_MotionVectors: 1
  m_LightProbeUsage: 1
  m_ReflectionProbeUsage: 1
  m_RayTracingMode: 0
  m_RenderingLayerMask: 1
  m_RendererPriority: 0
  m_Materials:
  - {fileID: 2100000, guid: 66a8a6e30880caa48908020cf5388217, type: 2}
  m_StaticBatchInfo:
    firstSubMesh: 0
    subMeshCount: 0
  m_StaticBatchRoot: {fileID: 0}
  m_ProbeAnchor: {fileID: 0}
  m_LightProbeVolumeOverride: {fileID: 0}
  m_ScaleInLightmap: 1
  m_ReceiveGI: 1
  m_PreserveUVs: 0
  m_IgnoreNormalsForChartDetection: 0
  m_ImportantGI: 0
  m_StitchLightmapSeams: 1
  m_SelectedEditorRenderState: 3
  m_MinimumChartSize: 4
  m_AutoUVMaxDistance: 0.5
  m_AutoUVMaxAngle: 89
  m_LightmapParameters: {fileID: 0}
  m_SortingLayerID: 0
  m_SortingLayer: 0
  m_SortingOrder: 0
  serializedVersion: 2
  m_Quality: 0
  m_UpdateWhenOffscreen: 0
  m_SkinnedMotionVectors: 1
  m_Mesh: {fileID: 4300000, guid: 4837235d67e136e4b883adb2bafc73e8, type: 3}
  m_Bones:
  - {fileID: 8389095756175826329}
  - {fileID: 8389408962500826413}
  - {fileID: 8389432448114746949}
  - {fileID: 8389307283019632639}
  - {fileID: 8389543531187712909}
  - {fileID: 8389573768149113811}
  - {fileID: 8389409392993831221}
  - {fileID: 8390986888522791073}
  - {fileID: 8390982632727153697}
  - {fileID: 8389177233363413309}
  - {fileID: 8391211083708973605}
  - {fileID: 8390861886403949115}
  - {fileID: 8389197432177450393}
  - {fileID: 8391242166873930931}
  - {fileID: 8390935819691015197}
  - {fileID: 8389513068079751343}
  - {fileID: 8389588707731646589}
  - {fileID: 8390871094137188097}
  - {fileID: 8391257055308476525}
  - {fileID: 8389407882750559755}
  - {fileID: 8389088017844970889}
  - {fileID: 8389150550846987049}
  - {fileID: 8389309203769365919}
  - {fileID: 8391248738274150385}
  - {fileID: 8389552774238927605}
  - {fileID: 8389552792812723747}
  - {fileID: 8389168554372692697}
  - {fileID: 8390894246757033521}
  - {fileID: 8389106850922205253}
  - {fileID: 8390899113500920519}
  - {fileID: 8390817889460386841}
  - {fileID: 8389434950202092681}
  - {fileID: 8391265846660642303}
  - {fileID: 8389572441846045411}
  - {fileID: 8390783855707380407}
  - {fileID: 8389167309861562965}
  - {fileID: 8391210456740206237}
  - {fileID: 8389138379088563919}
  - {fileID: 8391046770534408171}
  - {fileID: 8391321166988166289}
  - {fileID: 8391101262164652465}
  - {fileID: 8389631779498427225}
  - {fileID: 8389139535874143285}
  - {fileID: 8391029996232515641}
  - {fileID: 8389461049793590909}
  - {fileID: 8390926555182614805}
  - {fileID: 8390981939784217413}
  - {fileID: 8391013681343987675}
  - {fileID: 8389101080362745969}
  m_BlendShapeWeights: []
  m_RootBone: {fileID: 8389095756175826329}
  m_AABB:
    m_Center: {x: 0.000000059604645, y: 0.9186249, z: -0.053145856}
    m_Extent: {x: 1.0224478, y: 1.0200772, z: 0.31832534}
  m_DirtyAABB: 0
--- !u!1 &8392590717315341937
GameObject:
  m_ObjectHideFlags: 0
  m_CorrespondingSourceObject: {fileID: 0}
  m_PrefabInstance: {fileID: 0}
  m_PrefabAsset: {fileID: 0}
  serializedVersion: 6
  m_Component:
  - component: {fileID: 8390926555182614805}
  m_Layer: 0
  m_Name: LowerLeg_L
  m_TagString: Untagged
  m_Icon: {fileID: 0}
  m_NavMeshLayer: 0
  m_StaticEditorFlags: 0
  m_IsActive: 1
--- !u!4 &8390926555182614805
Transform:
  m_ObjectHideFlags: 0
  m_CorrespondingSourceObject: {fileID: 0}
  m_PrefabInstance: {fileID: 0}
  m_PrefabAsset: {fileID: 0}
  m_GameObject: {fileID: 8392590717315341937}
  m_LocalRotation: {x: 0.64437777, y: 0.024462728, z: -0.00473771, w: 0.7643013}
  m_LocalPosition: {x: 0.3993092, y: -0.00000038050263, z: 1.4654943e-16}
  m_LocalScale: {x: 1, y: 1, z: 1}
  m_Children:
  - {fileID: 8390981939784217413}
  m_Father: {fileID: 8389461049793590909}
  m_RootOrder: 0
  m_LocalEulerAnglesHint: {x: 0, y: 0, z: 0}
--- !u!1 &8392592195713064051
GameObject:
  m_ObjectHideFlags: 0
  m_CorrespondingSourceObject: {fileID: 0}
  m_PrefabInstance: {fileID: 0}
  m_PrefabAsset: {fileID: 0}
  serializedVersion: 6
  m_Component:
  - component: {fileID: 8389309203769365919}
  m_Layer: 0
  m_Name: Finger_03
  m_TagString: Untagged
  m_Icon: {fileID: 0}
  m_NavMeshLayer: 0
  m_StaticEditorFlags: 0
  m_IsActive: 1
--- !u!4 &8389309203769365919
Transform:
  m_ObjectHideFlags: 0
  m_CorrespondingSourceObject: {fileID: 0}
  m_PrefabInstance: {fileID: 0}
  m_PrefabAsset: {fileID: 0}
  m_GameObject: {fileID: 8392592195713064051}
  m_LocalRotation: {x: -0.018149227, y: -0.07147895, z: 0.09251083, w: 0.9929769}
  m_LocalPosition: {x: -0.035133272, y: -3.00324e-16, z: 3.7747583e-17}
  m_LocalScale: {x: 1, y: 1, z: 1}
  m_Children:
  - {fileID: 8391248738274150385}
  m_Father: {fileID: 8389150550846987049}
  m_RootOrder: 0
  m_LocalEulerAnglesHint: {x: 0, y: 0, z: 0}
--- !u!1 &8392594811010924959
GameObject:
  m_ObjectHideFlags: 0
  m_CorrespondingSourceObject: {fileID: 0}
  m_PrefabInstance: {fileID: 0}
  m_PrefabAsset: {fileID: 0}
  serializedVersion: 6
  m_Component:
  - component: {fileID: 8391013681343987675}
  m_Layer: 0
  m_Name: Ball_L
  m_TagString: Untagged
  m_Icon: {fileID: 0}
  m_NavMeshLayer: 0
  m_StaticEditorFlags: 0
  m_IsActive: 1
--- !u!4 &8391013681343987675
Transform:
  m_ObjectHideFlags: 0
  m_CorrespondingSourceObject: {fileID: 0}
  m_PrefabInstance: {fileID: 0}
  m_PrefabAsset: {fileID: 0}
  m_GameObject: {fileID: 8392594811010924959}
  m_LocalRotation: {x: 3.533937e-15, y: 4.8918194e-15, z: -0.2700158, w: 0.96285594}
  m_LocalPosition: {x: 0.112840325, y: -0.00000001684957, z: -7.105427e-17}
  m_LocalScale: {x: 1, y: 1, z: 1}
  m_Children:
  - {fileID: 8389101080362745969}
  m_Father: {fileID: 8390981939784217413}
  m_RootOrder: 0
  m_LocalEulerAnglesHint: {x: 0, y: 0, z: 0}
--- !u!1 &8392628429607068217
GameObject:
  m_ObjectHideFlags: 0
  m_CorrespondingSourceObject: {fileID: 0}
  m_PrefabInstance: {fileID: 0}
  m_PrefabAsset: {fileID: 0}
  serializedVersion: 6
  m_Component:
  - component: {fileID: 8389513068079751343}
  m_Layer: 0
  m_Name: Thumb_03
  m_TagString: Untagged
  m_Icon: {fileID: 0}
  m_NavMeshLayer: 0
  m_StaticEditorFlags: 0
  m_IsActive: 1
--- !u!4 &8389513068079751343
Transform:
  m_ObjectHideFlags: 0
  m_CorrespondingSourceObject: {fileID: 0}
  m_PrefabInstance: {fileID: 0}
  m_PrefabAsset: {fileID: 0}
  m_GameObject: {fileID: 8392628429607068217}
  m_LocalRotation: {x: -0.036403257, y: -0.15203467, z: -0.22999534, w: 0.9605532}
  m_LocalPosition: {x: -0.056655698, y: 2.9115598e-16, z: 3.9968027e-17}
  m_LocalScale: {x: 1, y: 1, z: 1}
  m_Children: []
  m_Father: {fileID: 8390935819691015197}
  m_RootOrder: 0
  m_LocalEulerAnglesHint: {x: 0, y: 0, z: 0}
--- !u!1 &8392638665466579233
GameObject:
  m_ObjectHideFlags: 0
  m_CorrespondingSourceObject: {fileID: 0}
  m_PrefabInstance: {fileID: 0}
  m_PrefabAsset: {fileID: 0}
  serializedVersion: 6
  m_Component:
  - component: {fileID: 8389177233363413309}
  m_Layer: 0
  m_Name: Clavicle_L
  m_TagString: Untagged
  m_Icon: {fileID: 0}
  m_NavMeshLayer: 0
  m_StaticEditorFlags: 0
  m_IsActive: 1
--- !u!4 &8389177233363413309
Transform:
  m_ObjectHideFlags: 0
  m_CorrespondingSourceObject: {fileID: 0}
  m_PrefabInstance: {fileID: 0}
  m_PrefabAsset: {fileID: 0}
  m_GameObject: {fileID: 8392638665466579233}
  m_LocalRotation: {x: -0.5785476, y: 0.63248575, z: -0.35251346, w: -0.37547135}
  m_LocalPosition: {x: -0.058011726, y: -0.041914478, z: -0.07447154}
  m_LocalScale: {x: 1, y: 1, z: 1}
  m_Children:
  - {fileID: 8391211083708973605}
  m_Father: {fileID: 8389543531187712909}
  m_RootOrder: 0
  m_LocalEulerAnglesHint: {x: 0, y: 0, z: 0}
--- !u!1 &8392670950016912055
GameObject:
  m_ObjectHideFlags: 0
  m_CorrespondingSourceObject: {fileID: 0}
  m_PrefabInstance: {fileID: 0}
  m_PrefabAsset: {fileID: 0}
  serializedVersion: 6
  m_Component:
  - component: {fileID: 8390981939784217413}
  m_Layer: 0
  m_Name: Ankle_L
  m_TagString: Untagged
  m_Icon: {fileID: 0}
  m_NavMeshLayer: 0
  m_StaticEditorFlags: 0
  m_IsActive: 1
--- !u!4 &8390981939784217413
Transform:
  m_ObjectHideFlags: 0
  m_CorrespondingSourceObject: {fileID: 0}
  m_PrefabInstance: {fileID: 0}
  m_PrefabAsset: {fileID: 0}
  m_GameObject: {fileID: 8392670950016912055}
  m_LocalRotation: {x: 0.85767007, y: 0.507213, z: 0.039752707, w: -0.0745436}
  m_LocalPosition: {x: 0.37712327, y: 0.00000013169495, z: -0.0000008411038}
  m_LocalScale: {x: 1, y: 1, z: 1}
  m_Children:
  - {fileID: 8391013681343987675}
  m_Father: {fileID: 8390926555182614805}
  m_RootOrder: 0
  m_LocalEulerAnglesHint: {x: 0, y: 0, z: 0}
--- !u!1 &8392710699428299835
GameObject:
  m_ObjectHideFlags: 0
  m_CorrespondingSourceObject: {fileID: 0}
  m_PrefabInstance: {fileID: 0}
  m_PrefabAsset: {fileID: 0}
  serializedVersion: 6
  m_Component:
  - component: {fileID: 8389432448114746949}
  m_Layer: 0
  m_Name: Spine_01
  m_TagString: Untagged
  m_Icon: {fileID: 0}
  m_NavMeshLayer: 0
  m_StaticEditorFlags: 0
  m_IsActive: 1
--- !u!4 &8389432448114746949
Transform:
  m_ObjectHideFlags: 0
  m_CorrespondingSourceObject: {fileID: 0}
  m_PrefabInstance: {fileID: 0}
  m_PrefabAsset: {fileID: 0}
  m_GameObject: {fileID: 8392710699428299835}
  m_LocalRotation: {x: 0.9950197, y: -0.09967895, z: 1.3224718e-15, w: 7.094358e-17}
  m_LocalPosition: {x: -0.10393265, y: 1.3322676e-17, z: 4.6155368e-17}
  m_LocalScale: {x: 1, y: 1, z: 1}
  m_Children:
  - {fileID: 8389307283019632639}
  m_Father: {fileID: 8389408962500826413}
  m_RootOrder: 0
  m_LocalEulerAnglesHint: {x: 0, y: 0, z: 0}
--- !u!1 &8392716604606951387
GameObject:
  m_ObjectHideFlags: 0
  m_CorrespondingSourceObject: {fileID: 0}
  m_PrefabInstance: {fileID: 0}
  m_PrefabAsset: {fileID: 0}
  serializedVersion: 6
  m_Component:
  - component: {fileID: 8390871094137188097}
  m_Layer: 0
  m_Name: IndexFinger_02
  m_TagString: Untagged
  m_Icon: {fileID: 0}
  m_NavMeshLayer: 0
  m_StaticEditorFlags: 0
  m_IsActive: 1
--- !u!4 &8390871094137188097
Transform:
  m_ObjectHideFlags: 0
  m_CorrespondingSourceObject: {fileID: 0}
  m_PrefabInstance: {fileID: 0}
  m_PrefabAsset: {fileID: 0}
  m_GameObject: {fileID: 8392716604606951387}
  m_LocalRotation: {x: -0.001153992, y: -0.010741636, z: 0.09832994, w: 0.99509525}
  m_LocalPosition: {x: -0.040936317, y: -1.5276409e-18, z: 2.4424906e-17}
  m_LocalScale: {x: 1, y: 1, z: 1}
  m_Children:
  - {fileID: 8391257055308476525}
  m_Father: {fileID: 8389588707731646589}
  m_RootOrder: 0
  m_LocalEulerAnglesHint: {x: 0, y: 0, z: 0}
--- !u!1 &8392735152544837637
GameObject:
  m_ObjectHideFlags: 0
  m_CorrespondingSourceObject: {fileID: 0}
  m_PrefabInstance: {fileID: 0}
  m_PrefabAsset: {fileID: 0}
  serializedVersion: 6
  m_Component:
  - component: {fileID: 8391046770534408171}
  m_Layer: 0
  m_Name: Finger_04 1
  m_TagString: Untagged
  m_Icon: {fileID: 0}
  m_NavMeshLayer: 0
  m_StaticEditorFlags: 0
  m_IsActive: 1
--- !u!4 &8391046770534408171
Transform:
  m_ObjectHideFlags: 0
  m_CorrespondingSourceObject: {fileID: 0}
  m_PrefabInstance: {fileID: 0}
  m_PrefabAsset: {fileID: 0}
  m_GameObject: {fileID: 8392735152544837637}
  m_LocalRotation: {x: 0.01664637, y: 0.096525334, z: -0.16913006, w: 0.98071444}
  m_LocalPosition: {x: 0.03003113, y: 0.0000011334713, z: 0.0000003591099}
  m_LocalScale: {x: 1, y: 1, z: 1}
  m_Children: []
  m_Father: {fileID: 8389138379088563919}
  m_RootOrder: 0
  m_LocalEulerAnglesHint: {x: 0, y: 0, z: 0}
--- !u!1 &8392807009996561169
GameObject:
  m_ObjectHideFlags: 0
  m_CorrespondingSourceObject: {fileID: 0}
  m_PrefabInstance: {fileID: 0}
  m_PrefabAsset: {fileID: 0}
  serializedVersion: 6
  m_Component:
  - component: {fileID: 8389139535874143285}
  m_Layer: 0
  m_Name: Ball_R
  m_TagString: Untagged
  m_Icon: {fileID: 0}
  m_NavMeshLayer: 0
  m_StaticEditorFlags: 0
  m_IsActive: 1
--- !u!4 &8389139535874143285
Transform:
  m_ObjectHideFlags: 0
  m_CorrespondingSourceObject: {fileID: 0}
  m_PrefabInstance: {fileID: 0}
  m_PrefabAsset: {fileID: 0}
  m_GameObject: {fileID: 8392807009996561169}
  m_LocalRotation: {x: -8.012619e-16, y: 1.2480334e-15, z: -0.2700158, w: 0.96285594}
  m_LocalPosition: {x: -0.112840354, y: -1.1546319e-16, z: -2.113351e-17}
  m_LocalScale: {x: 1, y: 1, z: 1}
  m_Children:
  - {fileID: 8391029996232515641}
  m_Father: {fileID: 8389631779498427225}
  m_RootOrder: 0
  m_LocalEulerAnglesHint: {x: 0, y: 0, z: 0}
--- !u!1 &8392811252615927769
GameObject:
  m_ObjectHideFlags: 0
  m_CorrespondingSourceObject: {fileID: 0}
  m_PrefabInstance: {fileID: 0}
  m_PrefabAsset: {fileID: 0}
  serializedVersion: 6
  m_Component:
  - component: {fileID: 8390778273749578267}
  - component: {fileID: 8472839578374553587}
  m_Layer: 0
  m_Name: Character_Woman_01
  m_TagString: Untagged
  m_Icon: {fileID: 0}
  m_NavMeshLayer: 0
  m_StaticEditorFlags: 0
  m_IsActive: 0
--- !u!4 &8390778273749578267
Transform:
  m_ObjectHideFlags: 0
  m_CorrespondingSourceObject: {fileID: 0}
  m_PrefabInstance: {fileID: 0}
  m_PrefabAsset: {fileID: 0}
  m_GameObject: {fileID: 8392811252615927769}
  m_LocalRotation: {x: 0, y: -0, z: -0, w: 1}
  m_LocalPosition: {x: -0, y: 0, z: 0}
  m_LocalScale: {x: 1, y: 1, z: 1}
  m_Children: []
  m_Father: {fileID: 8389487996572284325}
  m_RootOrder: 6
  m_LocalEulerAnglesHint: {x: 0, y: 0, z: 0}
--- !u!137 &8472839578374553587
SkinnedMeshRenderer:
  m_ObjectHideFlags: 0
  m_CorrespondingSourceObject: {fileID: 0}
  m_PrefabInstance: {fileID: 0}
  m_PrefabAsset: {fileID: 0}
  m_GameObject: {fileID: 8392811252615927769}
  m_Enabled: 1
  m_CastShadows: 1
  m_ReceiveShadows: 1
  m_DynamicOccludee: 1
  m_MotionVectors: 1
  m_LightProbeUsage: 1
  m_ReflectionProbeUsage: 1
  m_RayTracingMode: 0
  m_RenderingLayerMask: 1
  m_RendererPriority: 0
  m_Materials:
  - {fileID: 2100000, guid: 66a8a6e30880caa48908020cf5388217, type: 2}
  m_StaticBatchInfo:
    firstSubMesh: 0
    subMeshCount: 0
  m_StaticBatchRoot: {fileID: 0}
  m_ProbeAnchor: {fileID: 0}
  m_LightProbeVolumeOverride: {fileID: 0}
  m_ScaleInLightmap: 1
  m_ReceiveGI: 1
  m_PreserveUVs: 0
  m_IgnoreNormalsForChartDetection: 0
  m_ImportantGI: 0
  m_StitchLightmapSeams: 1
  m_SelectedEditorRenderState: 3
  m_MinimumChartSize: 4
  m_AutoUVMaxDistance: 0.5
  m_AutoUVMaxAngle: 89
  m_LightmapParameters: {fileID: 0}
  m_SortingLayerID: 0
  m_SortingLayer: 0
  m_SortingOrder: 0
  serializedVersion: 2
  m_Quality: 0
  m_UpdateWhenOffscreen: 0
  m_SkinnedMotionVectors: 1
  m_Mesh: {fileID: 4300002, guid: 4837235d67e136e4b883adb2bafc73e8, type: 3}
  m_Bones:
  - {fileID: 8389095756175826329}
  - {fileID: 8389408962500826413}
  - {fileID: 8389432448114746949}
  - {fileID: 8389307283019632639}
  - {fileID: 8389543531187712909}
  - {fileID: 8389573768149113811}
  - {fileID: 8389409392993831221}
  - {fileID: 8390986888522791073}
  - {fileID: 8390982632727153697}
  - {fileID: 8389177233363413309}
  - {fileID: 8391211083708973605}
  - {fileID: 8390861886403949115}
  - {fileID: 8389197432177450393}
  - {fileID: 8391242166873930931}
  - {fileID: 8390935819691015197}
  - {fileID: 8389513068079751343}
  - {fileID: 8389588707731646589}
  - {fileID: 8390871094137188097}
  - {fileID: 8391257055308476525}
  - {fileID: 8389407882750559755}
  - {fileID: 8389088017844970889}
  - {fileID: 8389150550846987049}
  - {fileID: 8389309203769365919}
  - {fileID: 8391248738274150385}
  - {fileID: 8389552774238927605}
  - {fileID: 8389552792812723747}
  - {fileID: 8389168554372692697}
  - {fileID: 8390894246757033521}
  - {fileID: 8389106850922205253}
  - {fileID: 8390899113500920519}
  - {fileID: 8390817889460386841}
  - {fileID: 8389434950202092681}
  - {fileID: 8391265846660642303}
  - {fileID: 8389572441846045411}
  - {fileID: 8390783855707380407}
  - {fileID: 8389167309861562965}
  - {fileID: 8391210456740206237}
  - {fileID: 8389138379088563919}
  - {fileID: 8391046770534408171}
  - {fileID: 8391321166988166289}
  - {fileID: 8391101262164652465}
  - {fileID: 8389631779498427225}
  - {fileID: 8389139535874143285}
  - {fileID: 8391029996232515641}
  - {fileID: 8389461049793590909}
  - {fileID: 8390926555182614805}
  - {fileID: 8390981939784217413}
  - {fileID: 8391013681343987675}
  - {fileID: 8389101080362745969}
  m_BlendShapeWeights: []
  m_RootBone: {fileID: 8389095756175826329}
  m_AABB:
    m_Center: {x: 0, y: 0.864691, z: -0.047345802}
    m_Extent: {x: 1.0221846, y: 1.0098236, z: 0.3236937}
  m_DirtyAABB: 0
--- !u!1 &8392892042545361827
GameObject:
  m_ObjectHideFlags: 0
  m_CorrespondingSourceObject: {fileID: 0}
  m_PrefabInstance: {fileID: 0}
  m_PrefabAsset: {fileID: 0}
  serializedVersion: 6
  m_Component:
  - component: {fileID: 8389307283019632639}
  m_Layer: 0
  m_Name: Spine_02
  m_TagString: Untagged
  m_Icon: {fileID: 0}
  m_NavMeshLayer: 0
  m_StaticEditorFlags: 0
  m_IsActive: 1
--- !u!4 &8389307283019632639
Transform:
  m_ObjectHideFlags: 0
  m_CorrespondingSourceObject: {fileID: 0}
  m_PrefabInstance: {fileID: 0}
  m_PrefabAsset: {fileID: 0}
  m_GameObject: {fileID: 8392892042545361827}
  m_LocalRotation: {x: 0.99518615, y: -0.098002784, z: -6.0366487e-16, w: -1.2097554e-16}
  m_LocalPosition: {x: -0.18151169, y: 1.5543122e-17, z: -7.101073e-17}
  m_LocalScale: {x: 1, y: 1, z: 1}
  m_Children:
  - {fileID: 8389543531187712909}
  m_Father: {fileID: 8389432448114746949}
  m_RootOrder: 0
  m_LocalEulerAnglesHint: {x: 0, y: 0, z: 0}
--- !u!1 &8392906410167182173
GameObject:
  m_ObjectHideFlags: 0
  m_CorrespondingSourceObject: {fileID: 0}
  m_PrefabInstance: {fileID: 0}
  m_PrefabAsset: {fileID: 0}
  serializedVersion: 6
  m_Component:
  - component: {fileID: 8391265846660642303}
  m_Layer: 0
  m_Name: IndexFinger_02 1
  m_TagString: Untagged
  m_Icon: {fileID: 0}
  m_NavMeshLayer: 0
  m_StaticEditorFlags: 0
  m_IsActive: 1
--- !u!4 &8391265846660642303
Transform:
  m_ObjectHideFlags: 0
  m_CorrespondingSourceObject: {fileID: 0}
  m_PrefabInstance: {fileID: 0}
  m_PrefabAsset: {fileID: 0}
  m_GameObject: {fileID: 8392906410167182173}
  m_LocalRotation: {x: -0.001153992, y: -0.010741636, z: 0.09832994, w: 0.99509525}
  m_LocalPosition: {x: 0.04093591, y: 0.0000009698692, z: -0.00000004956748}
  m_LocalScale: {x: 1, y: 1, z: 1}
  m_Children:
  - {fileID: 8389572441846045411}
  m_Father: {fileID: 8389434950202092681}
  m_RootOrder: 0
  m_LocalEulerAnglesHint: {x: 0, y: 0, z: 0}
--- !u!1 &8392944582656168029
GameObject:
  m_ObjectHideFlags: 0
  m_CorrespondingSourceObject: {fileID: 0}
  m_PrefabInstance: {fileID: 0}
  m_PrefabAsset: {fileID: 0}
  serializedVersion: 6
  m_Component:
  - component: {fileID: 8389461049793590909}
  m_Layer: 0
  m_Name: UpperLeg_L
  m_TagString: Untagged
  m_Icon: {fileID: 0}
  m_NavMeshLayer: 0
  m_StaticEditorFlags: 0
  m_IsActive: 1
--- !u!4 &8389461049793590909
Transform:
  m_ObjectHideFlags: 0
  m_CorrespondingSourceObject: {fileID: 0}
  m_PrefabInstance: {fileID: 0}
  m_PrefabAsset: {fileID: 0}
  m_GameObject: {fileID: 8392944582656168029}
  m_LocalRotation: {x: -0.7058717, y: 0.04177525, z: -0.064159356, w: 0.70419}
  m_LocalPosition: {x: 0.041157782, y: -0.026920749, z: 0.098967105}
  m_LocalScale: {x: 1, y: 1, z: 1}
  m_Children:
  - {fileID: 8390926555182614805}
  m_Father: {fileID: 8389408962500826413}
  m_RootOrder: 1
  m_LocalEulerAnglesHint: {x: 0, y: 0, z: 0}
--- !u!1 &8392978636096330817
GameObject:
  m_ObjectHideFlags: 0
  m_CorrespondingSourceObject: {fileID: 0}
  m_PrefabInstance: {fileID: 0}
  m_PrefabAsset: {fileID: 0}
  serializedVersion: 6
  m_Component:
  - component: {fileID: 8389448598355863151}
  - component: {fileID: 8472822898238305571}
  m_Layer: 0
  m_Name: Character_Badguy_01
  m_TagString: Untagged
  m_Icon: {fileID: 0}
  m_NavMeshLayer: 0
  m_StaticEditorFlags: 0
  m_IsActive: 0
--- !u!4 &8389448598355863151
Transform:
  m_ObjectHideFlags: 0
  m_CorrespondingSourceObject: {fileID: 0}
  m_PrefabInstance: {fileID: 0}
  m_PrefabAsset: {fileID: 0}
  m_GameObject: {fileID: 8392978636096330817}
  m_LocalRotation: {x: 0, y: -0, z: -0, w: 1}
  m_LocalPosition: {x: -0, y: 0, z: 0}
  m_LocalScale: {x: 1, y: 1, z: 1}
  m_Children: []
  m_Father: {fileID: 8389487996572284325}
  m_RootOrder: 0
  m_LocalEulerAnglesHint: {x: 0, y: 0, z: 0}
--- !u!137 &8472822898238305571
SkinnedMeshRenderer:
  m_ObjectHideFlags: 0
  m_CorrespondingSourceObject: {fileID: 0}
  m_PrefabInstance: {fileID: 0}
  m_PrefabAsset: {fileID: 0}
  m_GameObject: {fileID: 8392978636096330817}
  m_Enabled: 1
  m_CastShadows: 1
  m_ReceiveShadows: 1
  m_DynamicOccludee: 1
  m_MotionVectors: 1
  m_LightProbeUsage: 1
  m_ReflectionProbeUsage: 1
  m_RayTracingMode: 0
  m_RenderingLayerMask: 1
  m_RendererPriority: 0
  m_Materials:
  - {fileID: 2100000, guid: 66a8a6e30880caa48908020cf5388217, type: 2}
  m_StaticBatchInfo:
    firstSubMesh: 0
    subMeshCount: 0
  m_StaticBatchRoot: {fileID: 0}
  m_ProbeAnchor: {fileID: 0}
  m_LightProbeVolumeOverride: {fileID: 0}
  m_ScaleInLightmap: 1
  m_ReceiveGI: 1
  m_PreserveUVs: 0
  m_IgnoreNormalsForChartDetection: 0
  m_ImportantGI: 0
  m_StitchLightmapSeams: 1
  m_SelectedEditorRenderState: 3
  m_MinimumChartSize: 4
  m_AutoUVMaxDistance: 0.5
  m_AutoUVMaxAngle: 89
  m_LightmapParameters: {fileID: 0}
  m_SortingLayerID: 0
  m_SortingLayer: 0
  m_SortingOrder: 0
  serializedVersion: 2
  m_Quality: 0
  m_UpdateWhenOffscreen: 0
  m_SkinnedMotionVectors: 1
  m_Mesh: {fileID: 4300014, guid: 4837235d67e136e4b883adb2bafc73e8, type: 3}
  m_Bones:
  - {fileID: 8389095756175826329}
  - {fileID: 8389408962500826413}
  - {fileID: 8389432448114746949}
  - {fileID: 8389307283019632639}
  - {fileID: 8389543531187712909}
  - {fileID: 8389573768149113811}
  - {fileID: 8389409392993831221}
  - {fileID: 8390986888522791073}
  - {fileID: 8390982632727153697}
  - {fileID: 8389177233363413309}
  - {fileID: 8391211083708973605}
  - {fileID: 8390861886403949115}
  - {fileID: 8389197432177450393}
  - {fileID: 8391242166873930931}
  - {fileID: 8390935819691015197}
  - {fileID: 8389513068079751343}
  - {fileID: 8389588707731646589}
  - {fileID: 8390871094137188097}
  - {fileID: 8391257055308476525}
  - {fileID: 8389407882750559755}
  - {fileID: 8389088017844970889}
  - {fileID: 8389150550846987049}
  - {fileID: 8389309203769365919}
  - {fileID: 8391248738274150385}
  - {fileID: 8389552774238927605}
  - {fileID: 8389552792812723747}
  - {fileID: 8389168554372692697}
  - {fileID: 8390894246757033521}
  - {fileID: 8389106850922205253}
  - {fileID: 8390899113500920519}
  - {fileID: 8390817889460386841}
  - {fileID: 8389434950202092681}
  - {fileID: 8391265846660642303}
  - {fileID: 8389572441846045411}
  - {fileID: 8390783855707380407}
  - {fileID: 8389167309861562965}
  - {fileID: 8391210456740206237}
  - {fileID: 8389138379088563919}
  - {fileID: 8391046770534408171}
  - {fileID: 8391321166988166289}
  - {fileID: 8391101262164652465}
  - {fileID: 8389631779498427225}
  - {fileID: 8389139535874143285}
  - {fileID: 8391029996232515641}
  - {fileID: 8389461049793590909}
  - {fileID: 8390926555182614805}
  - {fileID: 8390981939784217413}
  - {fileID: 8391013681343987675}
  - {fileID: 8389101080362745969}
  m_BlendShapeWeights: []
  m_RootBone: {fileID: 8389095756175826329}
  m_AABB:
    m_Center: {x: -0.00000011920929, y: 0.8587489, z: -0.027915299}
    m_Extent: {x: 1.0258236, y: 0.9798567, z: 0.30891627}
  m_DirtyAABB: 0
--- !u!1 &8392996945842519211
GameObject:
  m_ObjectHideFlags: 0
  m_CorrespondingSourceObject: {fileID: 0}
  m_PrefabInstance: {fileID: 0}
  m_PrefabAsset: {fileID: 0}
  serializedVersion: 6
  m_Component:
  - component: {fileID: 8389572441846045411}
  m_Layer: 0
  m_Name: IndexFinger_03 1
  m_TagString: Untagged
  m_Icon: {fileID: 0}
  m_NavMeshLayer: 0
  m_StaticEditorFlags: 0
  m_IsActive: 1
--- !u!4 &8389572441846045411
Transform:
  m_ObjectHideFlags: 0
  m_CorrespondingSourceObject: {fileID: 0}
  m_PrefabInstance: {fileID: 0}
  m_PrefabAsset: {fileID: 0}
  m_GameObject: {fileID: 8392996945842519211}
  m_LocalRotation: {x: -0.006912195, y: -0.025717413, z: 0.057002407, w: 0.9980188}
  m_LocalPosition: {x: 0.037912127, y: 0.0000032499834, z: -0.00000004545292}
  m_LocalScale: {x: 1, y: 1, z: 1}
  m_Children:
  - {fileID: 8390783855707380407}
  m_Father: {fileID: 8391265846660642303}
  m_RootOrder: 0
  m_LocalEulerAnglesHint: {x: 0, y: 0, z: 0}
--- !u!1 &8393148049142780347
GameObject:
  m_ObjectHideFlags: 0
  m_CorrespondingSourceObject: {fileID: 0}
  m_PrefabInstance: {fileID: 0}
  m_PrefabAsset: {fileID: 0}
  serializedVersion: 6
  m_Component:
  - component: {fileID: 8389408962500826413}
  m_Layer: 0
  m_Name: Hips
  m_TagString: Untagged
  m_Icon: {fileID: 0}
  m_NavMeshLayer: 0
  m_StaticEditorFlags: 0
  m_IsActive: 1
--- !u!4 &8389408962500826413
Transform:
  m_ObjectHideFlags: 0
  m_CorrespondingSourceObject: {fileID: 0}
  m_PrefabInstance: {fileID: 0}
  m_PrefabAsset: {fileID: 0}
  m_GameObject: {fileID: 8393148049142780347}
  m_LocalRotation: {x: 0.46113664, y: -0.5360532, z: -0.46113664, w: 0.5360532}
  m_LocalPosition: {x: -0, y: 0.8762761, z: 0}
  m_LocalScale: {x: 1, y: 1, z: 1}
  m_Children:
  - {fileID: 8389432448114746949}
  - {fileID: 8389461049793590909}
  - {fileID: 8391321166988166289}
  m_Father: {fileID: 8389095756175826329}
  m_RootOrder: 0
  m_LocalEulerAnglesHint: {x: 0, y: 0, z: 0}
--- !u!1 &8393157787955822101
GameObject:
  m_ObjectHideFlags: 0
  m_CorrespondingSourceObject: {fileID: 0}
  m_PrefabInstance: {fileID: 0}
  m_PrefabAsset: {fileID: 0}
  serializedVersion: 6
  m_Component:
  - component: {fileID: 8389106850922205253}
  m_Layer: 0
  m_Name: Thumb_01 1
  m_TagString: Untagged
  m_Icon: {fileID: 0}
  m_NavMeshLayer: 0
  m_StaticEditorFlags: 0
  m_IsActive: 1
--- !u!4 &8389106850922205253
Transform:
  m_ObjectHideFlags: 0
  m_CorrespondingSourceObject: {fileID: 0}
  m_PrefabInstance: {fileID: 0}
  m_PrefabAsset: {fileID: 0}
  m_GameObject: {fileID: 8393157787955822101}
  m_LocalRotation: {x: 0.025480643, y: 0.27684274, z: 0.08803956, w: 0.9565343}
  m_LocalPosition: {x: 0.03514, y: 0.01171, z: -0.045055397}
  m_LocalScale: {x: 1, y: 1, z: 1}
  m_Children:
  - {fileID: 8390899113500920519}
  m_Father: {fileID: 8390894246757033521}
  m_RootOrder: 2
  m_LocalEulerAnglesHint: {x: 0, y: 0, z: 0}
--- !u!1 &8393159318874953783
GameObject:
  m_ObjectHideFlags: 0
  m_CorrespondingSourceObject: {fileID: 0}
  m_PrefabInstance: {fileID: 0}
  m_PrefabAsset: {fileID: 0}
  serializedVersion: 6
  m_Component:
  - component: {fileID: 8389088017844970889}
  m_Layer: 0
  m_Name: Finger_01
  m_TagString: Untagged
  m_Icon: {fileID: 0}
  m_NavMeshLayer: 0
  m_StaticEditorFlags: 0
  m_IsActive: 1
--- !u!4 &8389088017844970889
Transform:
  m_ObjectHideFlags: 0
  m_CorrespondingSourceObject: {fileID: 0}
  m_PrefabInstance: {fileID: 0}
  m_PrefabAsset: {fileID: 0}
  m_GameObject: {fileID: 8393159318874953783}
  m_LocalRotation: {x: -0.0024864315, y: -0.043879747, z: 0.056519255, w: 0.9974337}
  m_LocalPosition: {x: -0.099825256, y: -0.0011595894, z: -0.0328334}
  m_LocalScale: {x: 1, y: 1, z: 1}
  m_Children:
  - {fileID: 8389150550846987049}
  m_Father: {fileID: 8389197432177450393}
  m_RootOrder: 0
  m_LocalEulerAnglesHint: {x: 0, y: 0, z: 0}
--- !u!1 &8393302807337064097
GameObject:
  m_ObjectHideFlags: 0
  m_CorrespondingSourceObject: {fileID: 0}
  m_PrefabInstance: {fileID: 0}
  m_PrefabAsset: {fileID: 0}
  serializedVersion: 6
  m_Component:
  - component: {fileID: 8389434950202092681}
  m_Layer: 0
  m_Name: IndexFinger_01 1
  m_TagString: Untagged
  m_Icon: {fileID: 0}
  m_NavMeshLayer: 0
  m_StaticEditorFlags: 0
  m_IsActive: 1
--- !u!4 &8389434950202092681
Transform:
  m_ObjectHideFlags: 0
  m_CorrespondingSourceObject: {fileID: 0}
  m_PrefabInstance: {fileID: 0}
  m_PrefabAsset: {fileID: 0}
  m_GameObject: {fileID: 8393302807337064097}
  m_LocalRotation: {x: 0.00028049533, y: 0.065794446, z: 0.004253931, w: 0.99782413}
  m_LocalPosition: {x: 0.103966, y: -0.0039899996, z: -0.026726501}
  m_LocalScale: {x: 1, y: 1, z: 1}
  m_Children:
  - {fileID: 8391265846660642303}
  m_Father: {fileID: 8390894246757033521}
  m_RootOrder: 1
  m_LocalEulerAnglesHint: {x: 0, y: 0, z: 0}
--- !u!1 &8393304327912962881
GameObject:
  m_ObjectHideFlags: 0
  m_CorrespondingSourceObject: {fileID: 0}
  m_PrefabInstance: {fileID: 0}
  m_PrefabAsset: {fileID: 0}
  serializedVersion: 6
  m_Component:
  - component: {fileID: 8389167309861562965}
  m_Layer: 0
  m_Name: Finger_01 1
  m_TagString: Untagged
  m_Icon: {fileID: 0}
  m_NavMeshLayer: 0
  m_StaticEditorFlags: 0
  m_IsActive: 1
--- !u!4 &8389167309861562965
Transform:
  m_ObjectHideFlags: 0
  m_CorrespondingSourceObject: {fileID: 0}
  m_PrefabInstance: {fileID: 0}
  m_PrefabAsset: {fileID: 0}
  m_GameObject: {fileID: 8393304327912962881}
  m_LocalRotation: {x: -0.0024864315, y: -0.043879747, z: 0.056519255, w: 0.9974337}
  m_LocalPosition: {x: 0.099825, y: 0.00116, z: 0.032833397}
  m_LocalScale: {x: 1, y: 1, z: 1}
  m_Children:
  - {fileID: 8391210456740206237}
  m_Father: {fileID: 8390894246757033521}
  m_RootOrder: 0
  m_LocalEulerAnglesHint: {x: 0, y: 0, z: 0}
--- !u!1 &8393322502904087291
GameObject:
  m_ObjectHideFlags: 0
  m_CorrespondingSourceObject: {fileID: 0}
  m_PrefabInstance: {fileID: 0}
  m_PrefabAsset: {fileID: 0}
  serializedVersion: 6
  m_Component:
  - component: {fileID: 8391257055308476525}
  m_Layer: 0
  m_Name: IndexFinger_03
  m_TagString: Untagged
  m_Icon: {fileID: 0}
  m_NavMeshLayer: 0
  m_StaticEditorFlags: 0
  m_IsActive: 1
--- !u!4 &8391257055308476525
Transform:
  m_ObjectHideFlags: 0
  m_CorrespondingSourceObject: {fileID: 0}
  m_PrefabInstance: {fileID: 0}
  m_PrefabAsset: {fileID: 0}
  m_GameObject: {fileID: 8393322502904087291}
  m_LocalRotation: {x: -0.006912195, y: -0.025717413, z: 0.057002407, w: 0.9980188}
  m_LocalPosition: {x: -0.03791188, y: -2.1461998e-16, z: -3.8302694e-17}
  m_LocalScale: {x: 1, y: 1, z: 1}
  m_Children:
  - {fileID: 8389407882750559755}
  m_Father: {fileID: 8390871094137188097}
  m_RootOrder: 0
  m_LocalEulerAnglesHint: {x: 0, y: 0, z: 0}
--- !u!1 &8393346800632053691
GameObject:
  m_ObjectHideFlags: 0
  m_CorrespondingSourceObject: {fileID: 0}
  m_PrefabInstance: {fileID: 0}
  m_PrefabAsset: {fileID: 0}
  serializedVersion: 6
  m_Component:
  - component: {fileID: 8391211083708973605}
  m_Layer: 0
  m_Name: Shoulder_L
  m_TagString: Untagged
  m_Icon: {fileID: 0}
  m_NavMeshLayer: 0
  m_StaticEditorFlags: 0
  m_IsActive: 1
--- !u!4 &8391211083708973605
Transform:
  m_ObjectHideFlags: 0
  m_CorrespondingSourceObject: {fileID: 0}
  m_PrefabInstance: {fileID: 0}
  m_PrefabAsset: {fileID: 0}
  m_GameObject: {fileID: 8393346800632053691}
  m_LocalRotation: {x: 0.0113281235, y: 0.23685996, z: 0.03380652, w: 0.9708894}
  m_LocalPosition: {x: -0.13197872, y: -4.857226e-19, z: -2.6645352e-17}
  m_LocalScale: {x: 1, y: 1, z: 1}
  m_Children:
  - {fileID: 8390861886403949115}
  m_Father: {fileID: 8389177233363413309}
  m_RootOrder: 0
  m_LocalEulerAnglesHint: {x: 0, y: 0, z: 0}
--- !u!1 &8393367029301262975
GameObject:
  m_ObjectHideFlags: 0
  m_CorrespondingSourceObject: {fileID: 0}
  m_PrefabInstance: {fileID: 0}
  m_PrefabAsset: {fileID: 0}
  serializedVersion: 6
  m_Component:
  - component: {fileID: 8389101080362745969}
  m_Layer: 0
  m_Name: Toes_L
  m_TagString: Untagged
  m_Icon: {fileID: 0}
  m_NavMeshLayer: 0
  m_StaticEditorFlags: 0
  m_IsActive: 1
--- !u!4 &8389101080362745969
Transform:
  m_ObjectHideFlags: 0
  m_CorrespondingSourceObject: {fileID: 0}
  m_PrefabInstance: {fileID: 0}
  m_PrefabAsset: {fileID: 0}
  m_GameObject: {fileID: 8393367029301262975}
  m_LocalRotation: {x: -2.7376528e-13, y: -0.7071068, z: -2.7376528e-13, w: 0.7071068}
  m_LocalPosition: {x: 0.0729575, y: 2.6645352e-17, z: 1.7763568e-17}
  m_LocalScale: {x: 1, y: 1, z: 1}
  m_Children: []
  m_Father: {fileID: 8391013681343987675}
  m_RootOrder: 0
  m_LocalEulerAnglesHint: {x: 0, y: 0, z: 0}
--- !u!1 &8393373992123859437
GameObject:
  m_ObjectHideFlags: 0
  m_CorrespondingSourceObject: {fileID: 0}
  m_PrefabInstance: {fileID: 0}
  m_PrefabAsset: {fileID: 0}
  serializedVersion: 6
  m_Component:
  - component: {fileID: 8390861886403949115}
  m_Layer: 0
  m_Name: Elbow_L
  m_TagString: Untagged
  m_Icon: {fileID: 0}
  m_NavMeshLayer: 0
  m_StaticEditorFlags: 0
  m_IsActive: 1
--- !u!4 &8390861886403949115
Transform:
  m_ObjectHideFlags: 0
  m_CorrespondingSourceObject: {fileID: 0}
  m_PrefabInstance: {fileID: 0}
  m_PrefabAsset: {fileID: 0}
  m_GameObject: {fileID: 8393373992123859437}
  m_LocalRotation: {x: 0.0016838326, y: 0.040749595, z: -0.041251875, w: 0.99831605}
  m_LocalPosition: {x: -0.33947402, y: -0.0014490709, z: -0.0014362641}
  m_LocalScale: {x: 1, y: 1, z: 1}
  m_Children:
  - {fileID: 8389197432177450393}
  m_Father: {fileID: 8391211083708973605}
  m_RootOrder: 0
  m_LocalEulerAnglesHint: {x: 0, y: 0, z: 0}
--- !u!1 &8393389636777625453
GameObject:
  m_ObjectHideFlags: 0
  m_CorrespondingSourceObject: {fileID: 0}
  m_PrefabInstance: {fileID: 0}
  m_PrefabAsset: {fileID: 0}
  serializedVersion: 6
  m_Component:
  - component: {fileID: 8389409392993831221}
  m_Layer: 0
  m_Name: Head
  m_TagString: Untagged
  m_Icon: {fileID: 0}
  m_NavMeshLayer: 0
  m_StaticEditorFlags: 0
  m_IsActive: 1
--- !u!4 &8389409392993831221
Transform:
  m_ObjectHideFlags: 0
  m_CorrespondingSourceObject: {fileID: 0}
  m_PrefabInstance: {fileID: 0}
  m_PrefabAsset: {fileID: 0}
  m_GameObject: {fileID: 8393389636777625453}
  m_LocalRotation: {x: 0.458571, y: -0.5382496, z: 0.458571, w: 0.5382496}
  m_LocalPosition: {x: -0.12164435, y: -1.5099033e-16, z: -5.059176e-17}
  m_LocalScale: {x: 1, y: 1, z: 1}
  m_Children:
  - {fileID: 8390982632727153697}
  - {fileID: 8390986888522791073}
  m_Father: {fileID: 8389573768149113811}
  m_RootOrder: 0
  m_LocalEulerAnglesHint: {x: 0, y: 0, z: 0}
--- !u!1 &8393417953694397547
GameObject:
  m_ObjectHideFlags: 0
  m_CorrespondingSourceObject: {fileID: 0}
  m_PrefabInstance: {fileID: 0}
  m_PrefabAsset: {fileID: 0}
  serializedVersion: 6
  m_Component:
  - component: {fileID: 8391029996232515641}
  m_Layer: 0
  m_Name: Toes_R
  m_TagString: Untagged
  m_Icon: {fileID: 0}
  m_NavMeshLayer: 0
  m_StaticEditorFlags: 0
  m_IsActive: 1
--- !u!4 &8391029996232515641
Transform:
  m_ObjectHideFlags: 0
  m_CorrespondingSourceObject: {fileID: 0}
  m_PrefabInstance: {fileID: 0}
  m_PrefabAsset: {fileID: 0}
  m_GameObject: {fileID: 8393417953694397547}
  m_LocalRotation: {x: 1.8856444e-14, y: -0.7071068, z: 1.8856444e-14, w: 0.7071068}
  m_LocalPosition: {x: -0.07295756, y: 2.040087e-18, z: 3.4087125e-18}
  m_LocalScale: {x: 1, y: 1, z: 1}
  m_Children: []
  m_Father: {fileID: 8389139535874143285}
  m_RootOrder: 0
  m_LocalEulerAnglesHint: {x: 0, y: 0, z: 0}
--- !u!1 &8393434674591736229
GameObject:
  m_ObjectHideFlags: 0
  m_CorrespondingSourceObject: {fileID: 0}
  m_PrefabInstance: {fileID: 0}
  m_PrefabAsset: {fileID: 0}
  serializedVersion: 6
  m_Component:
  - component: {fileID: 8389407882750559755}
  m_Layer: 0
  m_Name: IndexFinger_04
  m_TagString: Untagged
  m_Icon: {fileID: 0}
  m_NavMeshLayer: 0
  m_StaticEditorFlags: 0
  m_IsActive: 1
--- !u!4 &8389407882750559755
Transform:
  m_ObjectHideFlags: 0
  m_CorrespondingSourceObject: {fileID: 0}
  m_PrefabInstance: {fileID: 0}
  m_PrefabAsset: {fileID: 0}
  m_GameObject: {fileID: 8393434674591736229}
  m_LocalRotation: {x: -0.0045196484, y: -0.028039929, z: -0.15906802, w: 0.986859}
  m_LocalPosition: {x: -0.03779794, y: -1.9284054e-16, z: -9.992007e-18}
  m_LocalScale: {x: 1, y: 1, z: 1}
  m_Children: []
  m_Father: {fileID: 8391257055308476525}
  m_RootOrder: 0
  m_LocalEulerAnglesHint: {x: 0, y: 0, z: 0}
--- !u!1 &8393455934718495399
GameObject:
  m_ObjectHideFlags: 0
  m_CorrespondingSourceObject: {fileID: 0}
  m_PrefabInstance: {fileID: 0}
  m_PrefabAsset: {fileID: 0}
  serializedVersion: 6
  m_Component:
  - component: {fileID: 8389138379088563919}
  m_Layer: 0
  m_Name: Finger_03 1
  m_TagString: Untagged
  m_Icon: {fileID: 0}
  m_NavMeshLayer: 0
  m_StaticEditorFlags: 0
  m_IsActive: 1
--- !u!4 &8389138379088563919
Transform:
  m_ObjectHideFlags: 0
  m_CorrespondingSourceObject: {fileID: 0}
  m_PrefabInstance: {fileID: 0}
  m_PrefabAsset: {fileID: 0}
  m_GameObject: {fileID: 8393455934718495399}
  m_LocalRotation: {x: -0.018149227, y: -0.07147895, z: 0.09251083, w: 0.9929769}
  m_LocalPosition: {x: 0.035133243, y: -0.00000019978481, z: 0.000000014853608}
  m_LocalScale: {x: 1, y: 1, z: 1}
  m_Children:
  - {fileID: 8391046770534408171}
  m_Father: {fileID: 8391210456740206237}
  m_RootOrder: 0
  m_LocalEulerAnglesHint: {x: 0, y: 0, z: 0}
--- !u!1 &8393460428210970789
GameObject:
  m_ObjectHideFlags: 0
  m_CorrespondingSourceObject: {fileID: 0}
  m_PrefabInstance: {fileID: 0}
  m_PrefabAsset: {fileID: 0}
  serializedVersion: 6
  m_Component:
  - component: {fileID: 8389573768149113811}
  m_Layer: 0
  m_Name: Neck
  m_TagString: Untagged
  m_Icon: {fileID: 0}
  m_NavMeshLayer: 0
  m_StaticEditorFlags: 0
  m_IsActive: 1
--- !u!4 &8389573768149113811
Transform:
  m_ObjectHideFlags: 0
  m_CorrespondingSourceObject: {fileID: 0}
  m_PrefabInstance: {fileID: 0}
  m_PrefabAsset: {fileID: 0}
  m_GameObject: {fileID: 8393460428210970789}
  m_LocalRotation: {x: 7.053966e-17, y: 1.3040385e-15, z: 0.04173335, w: 0.9991288}
  m_LocalPosition: {x: -0.111889675, y: -6.661338e-18, z: -4.6244128e-17}
  m_LocalScale: {x: 1, y: 1, z: 1}
  m_Children:
  - {fileID: 8389409392993831221}
  m_Father: {fileID: 8389543531187712909}
  m_RootOrder: 2
  m_LocalEulerAnglesHint: {x: 0, y: 0, z: 0}
--- !u!1 &8393470132243108609
GameObject:
  m_ObjectHideFlags: 0
  m_CorrespondingSourceObject: {fileID: 0}
  m_PrefabInstance: {fileID: 0}
  m_PrefabAsset: {fileID: 0}
  serializedVersion: 6
  m_Component:
  - component: {fileID: 8389487996572284325}
  - component: {fileID: 8442484833032974553}
  - component: {fileID: 3556545415250918061}
  - component: {fileID: -8967233677267450469}
  m_Layer: 0
  m_Name: Character_Badguy_01
  m_TagString: Untagged
  m_Icon: {fileID: 0}
  m_NavMeshLayer: 0
  m_StaticEditorFlags: 0
  m_IsActive: 1
--- !u!4 &8389487996572284325
Transform:
  m_ObjectHideFlags: 0
  m_CorrespondingSourceObject: {fileID: 0}
  m_PrefabInstance: {fileID: 0}
  m_PrefabAsset: {fileID: 0}
  m_GameObject: {fileID: 8393470132243108609}
  m_LocalRotation: {x: 0, y: 0, z: 0, w: 1}
  m_LocalPosition: {x: -0.6728779, y: 0.57507753, z: -3.2276182}
  m_LocalScale: {x: 0.8, y: 0.8, z: 0.8}
  m_Children:
  - {fileID: 8389448598355863151}
  - {fileID: 8389125669395587251}
  - {fileID: 8391106001945963293}
  - {fileID: 8391018998654703275}
  - {fileID: 8390840837803887799}
  - {fileID: 8389093372306671171}
  - {fileID: 8390778273749578267}
  - {fileID: 8391201545233145579}
  - {fileID: 8389095756175826329}
  m_Father: {fileID: 0}
  m_RootOrder: 0
  m_LocalEulerAnglesHint: {x: 0, y: 0, z: 0}
--- !u!95 &8442484833032974553
Animator:
  serializedVersion: 3
  m_ObjectHideFlags: 0
  m_CorrespondingSourceObject: {fileID: 0}
  m_PrefabInstance: {fileID: 0}
  m_PrefabAsset: {fileID: 0}
  m_GameObject: {fileID: 8393470132243108609}
  m_Enabled: 1
  m_Avatar: {fileID: 9000000, guid: 4837235d67e136e4b883adb2bafc73e8, type: 3}
  m_Controller: {fileID: 9100000, guid: a690cfebb7463864aa31ed5a09d3bdc6, type: 2}
  m_CullingMode: 1
  m_UpdateMode: 0
  m_ApplyRootMotion: 0
  m_LinearVelocityBlending: 0
  m_WarningMessage: 
  m_HasTransformHierarchy: 1
  m_AllowConstantClipSamplingOptimization: 1
  m_KeepAnimatorControllerStateOnDisable: 0
--- !u!114 &3556545415250918061
MonoBehaviour:
  m_ObjectHideFlags: 0
  m_CorrespondingSourceObject: {fileID: 0}
  m_PrefabInstance: {fileID: 0}
  m_PrefabAsset: {fileID: 0}
  m_GameObject: {fileID: 8393470132243108609}
  m_Enabled: 1
  m_EditorHideFlags: 0
  m_Script: {fileID: 11500000, guid: d9644ed3380bc464391ae340515eed99, type: 3}
  m_Name: 
  m_EditorClassIdentifier: 
--- !u!114 &-8967233677267450469
MonoBehaviour:
  m_ObjectHideFlags: 0
  m_CorrespondingSourceObject: {fileID: 0}
  m_PrefabInstance: {fileID: 0}
  m_PrefabAsset: {fileID: 0}
  m_GameObject: {fileID: 8393470132243108609}
  m_Enabled: 1
  m_EditorHideFlags: 0
  m_Script: {fileID: 11500000, guid: c526d3acd4addf4498a54e8899789ce5, type: 3}
  m_Name: 
  m_EditorClassIdentifier: 
--- !u!1 &8393473834799507869
GameObject:
  m_ObjectHideFlags: 0
  m_CorrespondingSourceObject: {fileID: 0}
  m_PrefabInstance: {fileID: 0}
  m_PrefabAsset: {fileID: 0}
  serializedVersion: 6
  m_Component:
  - component: {fileID: 8391018998654703275}
  - component: {fileID: 8474106549340865113}
  m_Layer: 0
  m_Name: Character_Cowgirl_01
  m_TagString: Untagged
  m_Icon: {fileID: 0}
  m_NavMeshLayer: 0
  m_StaticEditorFlags: 0
  m_IsActive: 0
--- !u!4 &8391018998654703275
Transform:
  m_ObjectHideFlags: 0
  m_CorrespondingSourceObject: {fileID: 0}
  m_PrefabInstance: {fileID: 0}
  m_PrefabAsset: {fileID: 0}
  m_GameObject: {fileID: 8393473834799507869}
  m_LocalRotation: {x: 0, y: -0, z: -0, w: 1}
  m_LocalPosition: {x: -0, y: 0, z: 0}
  m_LocalScale: {x: 1, y: 1, z: 1}
  m_Children: []
  m_Father: {fileID: 8389487996572284325}
  m_RootOrder: 3
  m_LocalEulerAnglesHint: {x: 0, y: 0, z: 0}
--- !u!137 &8474106549340865113
SkinnedMeshRenderer:
  m_ObjectHideFlags: 0
  m_CorrespondingSourceObject: {fileID: 0}
  m_PrefabInstance: {fileID: 0}
  m_PrefabAsset: {fileID: 0}
  m_GameObject: {fileID: 8393473834799507869}
  m_Enabled: 1
  m_CastShadows: 1
  m_ReceiveShadows: 1
  m_DynamicOccludee: 1
  m_MotionVectors: 1
  m_LightProbeUsage: 1
  m_ReflectionProbeUsage: 1
  m_RayTracingMode: 0
  m_RenderingLayerMask: 1
  m_RendererPriority: 0
  m_Materials:
  - {fileID: 2100000, guid: 66a8a6e30880caa48908020cf5388217, type: 2}
  m_StaticBatchInfo:
    firstSubMesh: 0
    subMeshCount: 0
  m_StaticBatchRoot: {fileID: 0}
  m_ProbeAnchor: {fileID: 0}
  m_LightProbeVolumeOverride: {fileID: 0}
  m_ScaleInLightmap: 1
  m_ReceiveGI: 1
  m_PreserveUVs: 0
  m_IgnoreNormalsForChartDetection: 0
  m_ImportantGI: 0
  m_StitchLightmapSeams: 1
  m_SelectedEditorRenderState: 3
  m_MinimumChartSize: 4
  m_AutoUVMaxDistance: 0.5
  m_AutoUVMaxAngle: 89
  m_LightmapParameters: {fileID: 0}
  m_SortingLayerID: 0
  m_SortingLayer: 0
  m_SortingOrder: 0
  serializedVersion: 2
  m_Quality: 0
  m_UpdateWhenOffscreen: 0
  m_SkinnedMotionVectors: 1
  m_Mesh: {fileID: 4300004, guid: 4837235d67e136e4b883adb2bafc73e8, type: 3}
  m_Bones:
  - {fileID: 8389095756175826329}
  - {fileID: 8389408962500826413}
  - {fileID: 8389432448114746949}
  - {fileID: 8389307283019632639}
  - {fileID: 8389543531187712909}
  - {fileID: 8389573768149113811}
  - {fileID: 8389409392993831221}
  - {fileID: 8390986888522791073}
  - {fileID: 8390982632727153697}
  - {fileID: 8389177233363413309}
  - {fileID: 8391211083708973605}
  - {fileID: 8390861886403949115}
  - {fileID: 8389197432177450393}
  - {fileID: 8391242166873930931}
  - {fileID: 8390935819691015197}
  - {fileID: 8389513068079751343}
  - {fileID: 8389588707731646589}
  - {fileID: 8390871094137188097}
  - {fileID: 8391257055308476525}
  - {fileID: 8389407882750559755}
  - {fileID: 8389088017844970889}
  - {fileID: 8389150550846987049}
  - {fileID: 8389309203769365919}
  - {fileID: 8391248738274150385}
  - {fileID: 8389552774238927605}
  - {fileID: 8389552792812723747}
  - {fileID: 8389168554372692697}
  - {fileID: 8390894246757033521}
  - {fileID: 8389106850922205253}
  - {fileID: 8390899113500920519}
  - {fileID: 8390817889460386841}
  - {fileID: 8389434950202092681}
  - {fileID: 8391265846660642303}
  - {fileID: 8389572441846045411}
  - {fileID: 8390783855707380407}
  - {fileID: 8389167309861562965}
  - {fileID: 8391210456740206237}
  - {fileID: 8389138379088563919}
  - {fileID: 8391046770534408171}
  - {fileID: 8391321166988166289}
  - {fileID: 8391101262164652465}
  - {fileID: 8389631779498427225}
  - {fileID: 8389139535874143285}
  - {fileID: 8391029996232515641}
  - {fileID: 8389461049793590909}
  - {fileID: 8390926555182614805}
  - {fileID: 8390981939784217413}
  - {fileID: 8391013681343987675}
  - {fileID: 8389101080362745969}
  m_BlendShapeWeights: []
  m_RootBone: {fileID: 8389095756175826329}
  m_AABB:
    m_Center: {x: 0.00000011920929, y: 0.8871584, z: -0.017635688}
    m_Extent: {x: 1.0224473, y: 0.98393536, z: 0.28487706}
  m_DirtyAABB: 0
--- !u!1 &8393473866930421407
GameObject:
  m_ObjectHideFlags: 0
  m_CorrespondingSourceObject: {fileID: 0}
  m_PrefabInstance: {fileID: 0}
  m_PrefabAsset: {fileID: 0}
  serializedVersion: 6
  m_Component:
  - component: {fileID: 8389150550846987049}
  m_Layer: 0
  m_Name: Finger_02
  m_TagString: Untagged
  m_Icon: {fileID: 0}
  m_NavMeshLayer: 0
  m_StaticEditorFlags: 0
  m_IsActive: 1
--- !u!4 &8389150550846987049
Transform:
  m_ObjectHideFlags: 0
  m_CorrespondingSourceObject: {fileID: 0}
  m_PrefabInstance: {fileID: 0}
  m_PrefabAsset: {fileID: 0}
  m_GameObject: {fileID: 8393473866930421407}
  m_LocalRotation: {x: 0.0026372706, y: 0.019492026, z: 0.02126933, w: 0.99958026}
  m_LocalPosition: {x: -0.042488147, y: -1.0581813e-17, z: -8.326672e-18}
  m_LocalScale: {x: 1, y: 1, z: 1}
  m_Children:
  - {fileID: 8389309203769365919}
  m_Father: {fileID: 8389088017844970889}
  m_RootOrder: 0
  m_LocalEulerAnglesHint: {x: 0, y: 0, z: 0}
--- !u!1 &8393485830786572557
GameObject:
  m_ObjectHideFlags: 0
  m_CorrespondingSourceObject: {fileID: 0}
  m_PrefabInstance: {fileID: 0}
  m_PrefabAsset: {fileID: 0}
  serializedVersion: 6
  m_Component:
  - component: {fileID: 8391106001945963293}
  - component: {fileID: 8474575390649148699}
  m_Layer: 0
  m_Name: Character_Cowboy_01
  m_TagString: Untagged
  m_Icon: {fileID: 0}
  m_NavMeshLayer: 0
  m_StaticEditorFlags: 0
  m_IsActive: 0
--- !u!4 &8391106001945963293
Transform:
  m_ObjectHideFlags: 0
  m_CorrespondingSourceObject: {fileID: 0}
  m_PrefabInstance: {fileID: 0}
  m_PrefabAsset: {fileID: 0}
  m_GameObject: {fileID: 8393485830786572557}
  m_LocalRotation: {x: 0, y: -0, z: -0, w: 1}
  m_LocalPosition: {x: -0, y: 0, z: 0}
  m_LocalScale: {x: 1, y: 1, z: 1}
  m_Children: []
  m_Father: {fileID: 8389487996572284325}
  m_RootOrder: 2
  m_LocalEulerAnglesHint: {x: 0, y: 0, z: 0}
--- !u!137 &8474575390649148699
SkinnedMeshRenderer:
  m_ObjectHideFlags: 0
  m_CorrespondingSourceObject: {fileID: 0}
  m_PrefabInstance: {fileID: 0}
  m_PrefabAsset: {fileID: 0}
  m_GameObject: {fileID: 8393485830786572557}
  m_Enabled: 1
  m_CastShadows: 1
  m_ReceiveShadows: 1
  m_DynamicOccludee: 1
  m_MotionVectors: 1
  m_LightProbeUsage: 1
  m_ReflectionProbeUsage: 1
  m_RayTracingMode: 0
  m_RenderingLayerMask: 1
  m_RendererPriority: 0
  m_Materials:
  - {fileID: 2100000, guid: 66a8a6e30880caa48908020cf5388217, type: 2}
  m_StaticBatchInfo:
    firstSubMesh: 0
    subMeshCount: 0
  m_StaticBatchRoot: {fileID: 0}
  m_ProbeAnchor: {fileID: 0}
  m_LightProbeVolumeOverride: {fileID: 0}
  m_ScaleInLightmap: 1
  m_ReceiveGI: 1
  m_PreserveUVs: 0
  m_IgnoreNormalsForChartDetection: 0
  m_ImportantGI: 0
  m_StitchLightmapSeams: 1
  m_SelectedEditorRenderState: 3
  m_MinimumChartSize: 4
  m_AutoUVMaxDistance: 0.5
  m_AutoUVMaxAngle: 89
  m_LightmapParameters: {fileID: 0}
  m_SortingLayerID: 0
  m_SortingLayer: 0
  m_SortingOrder: 0
  serializedVersion: 2
  m_Quality: 0
  m_UpdateWhenOffscreen: 0
  m_SkinnedMotionVectors: 1
  m_Mesh: {fileID: 4300010, guid: 4837235d67e136e4b883adb2bafc73e8, type: 3}
  m_Bones:
  - {fileID: 8389095756175826329}
  - {fileID: 8389408962500826413}
  - {fileID: 8389432448114746949}
  - {fileID: 8389307283019632639}
  - {fileID: 8389543531187712909}
  - {fileID: 8389573768149113811}
  - {fileID: 8389409392993831221}
  - {fileID: 8390986888522791073}
  - {fileID: 8390982632727153697}
  - {fileID: 8389177233363413309}
  - {fileID: 8391211083708973605}
  - {fileID: 8390861886403949115}
  - {fileID: 8389197432177450393}
  - {fileID: 8391242166873930931}
  - {fileID: 8390935819691015197}
  - {fileID: 8389513068079751343}
  - {fileID: 8389588707731646589}
  - {fileID: 8390871094137188097}
  - {fileID: 8391257055308476525}
  - {fileID: 8389407882750559755}
  - {fileID: 8389088017844970889}
  - {fileID: 8389150550846987049}
  - {fileID: 8389309203769365919}
  - {fileID: 8391248738274150385}
  - {fileID: 8389552774238927605}
  - {fileID: 8389552792812723747}
  - {fileID: 8389168554372692697}
  - {fileID: 8390894246757033521}
  - {fileID: 8389106850922205253}
  - {fileID: 8390899113500920519}
  - {fileID: 8390817889460386841}
  - {fileID: 8389434950202092681}
  - {fileID: 8391265846660642303}
  - {fileID: 8389572441846045411}
  - {fileID: 8390783855707380407}
  - {fileID: 8389167309861562965}
  - {fileID: 8391210456740206237}
  - {fileID: 8389138379088563919}
  - {fileID: 8391046770534408171}
  - {fileID: 8391321166988166289}
  - {fileID: 8391101262164652465}
  - {fileID: 8389631779498427225}
  - {fileID: 8389139535874143285}
  - {fileID: 8391029996232515641}
  - {fileID: 8389461049793590909}
  - {fileID: 8390926555182614805}
  - {fileID: 8390981939784217413}
  - {fileID: 8391013681343987675}
  - {fileID: 8389101080362745969}
  m_BlendShapeWeights: []
  m_RootBone: {fileID: 8389095756175826329}
  m_AABB:
    m_Center: {x: 0, y: 0.88180286, z: -0.053204298}
    m_Extent: {x: 1.0258224, y: 1.0029106, z: 0.30329245}
  m_DirtyAABB: 0
--- !u!1 &8393488844009739949
GameObject:
  m_ObjectHideFlags: 0
  m_CorrespondingSourceObject: {fileID: 0}
  m_PrefabInstance: {fileID: 0}
  m_PrefabAsset: {fileID: 0}
  serializedVersion: 6
  m_Component:
  - component: {fileID: 8389093372306671171}
  - component: {fileID: 8472535442905810621}
  m_Layer: 0
  m_Name: Character_Sheriff_01
  m_TagString: Untagged
  m_Icon: {fileID: 0}
  m_NavMeshLayer: 0
  m_StaticEditorFlags: 0
  m_IsActive: 1
--- !u!4 &8389093372306671171
Transform:
  m_ObjectHideFlags: 0
  m_CorrespondingSourceObject: {fileID: 0}
  m_PrefabInstance: {fileID: 0}
  m_PrefabAsset: {fileID: 0}
  m_GameObject: {fileID: 8393488844009739949}
  m_LocalRotation: {x: 0, y: -0, z: -0, w: 1}
  m_LocalPosition: {x: -0, y: 0, z: 0}
  m_LocalScale: {x: 1, y: 1, z: 1}
  m_Children: []
  m_Father: {fileID: 8389487996572284325}
  m_RootOrder: 5
  m_LocalEulerAnglesHint: {x: 0, y: 0, z: 0}
--- !u!137 &8472535442905810621
SkinnedMeshRenderer:
  m_ObjectHideFlags: 0
  m_CorrespondingSourceObject: {fileID: 0}
  m_PrefabInstance: {fileID: 0}
  m_PrefabAsset: {fileID: 0}
  m_GameObject: {fileID: 8393488844009739949}
  m_Enabled: 1
  m_CastShadows: 1
  m_ReceiveShadows: 1
  m_DynamicOccludee: 1
  m_MotionVectors: 1
  m_LightProbeUsage: 1
  m_ReflectionProbeUsage: 1
  m_RayTracingMode: 0
  m_RenderingLayerMask: 1
  m_RendererPriority: 0
  m_Materials:
  - {fileID: 2100000, guid: 5146a78f90d41354b9e048f81986a8f3, type: 2}
  m_StaticBatchInfo:
    firstSubMesh: 0
    subMeshCount: 0
  m_StaticBatchRoot: {fileID: 0}
  m_ProbeAnchor: {fileID: 0}
  m_LightProbeVolumeOverride: {fileID: 0}
  m_ScaleInLightmap: 1
  m_ReceiveGI: 1
  m_PreserveUVs: 0
  m_IgnoreNormalsForChartDetection: 0
  m_ImportantGI: 0
  m_StitchLightmapSeams: 1
  m_SelectedEditorRenderState: 3
  m_MinimumChartSize: 4
  m_AutoUVMaxDistance: 0.5
  m_AutoUVMaxAngle: 89
  m_LightmapParameters: {fileID: 0}
  m_SortingLayerID: 0
  m_SortingLayer: 0
  m_SortingOrder: 0
  serializedVersion: 2
  m_Quality: 0
  m_UpdateWhenOffscreen: 0
  m_SkinnedMotionVectors: 1
  m_Mesh: {fileID: 4300006, guid: 4837235d67e136e4b883adb2bafc73e8, type: 3}
  m_Bones:
  - {fileID: 8389095756175826329}
  - {fileID: 8389408962500826413}
  - {fileID: 8389432448114746949}
  - {fileID: 8389307283019632639}
  - {fileID: 8389543531187712909}
  - {fileID: 8389573768149113811}
  - {fileID: 8389409392993831221}
  - {fileID: 8390986888522791073}
  - {fileID: 8390982632727153697}
  - {fileID: 8389177233363413309}
  - {fileID: 8391211083708973605}
  - {fileID: 8390861886403949115}
  - {fileID: 8389197432177450393}
  - {fileID: 8391242166873930931}
  - {fileID: 8390935819691015197}
  - {fileID: 8389513068079751343}
  - {fileID: 8389588707731646589}
  - {fileID: 8390871094137188097}
  - {fileID: 8391257055308476525}
  - {fileID: 8389407882750559755}
  - {fileID: 8389088017844970889}
  - {fileID: 8389150550846987049}
  - {fileID: 8389309203769365919}
  - {fileID: 8391248738274150385}
  - {fileID: 8389552774238927605}
  - {fileID: 8389552792812723747}
  - {fileID: 8389168554372692697}
  - {fileID: 8390894246757033521}
  - {fileID: 8389106850922205253}
  - {fileID: 8390899113500920519}
  - {fileID: 8390817889460386841}
  - {fileID: 8389434950202092681}
  - {fileID: 8391265846660642303}
  - {fileID: 8389572441846045411}
  - {fileID: 8390783855707380407}
  - {fileID: 8389167309861562965}
  - {fileID: 8391210456740206237}
  - {fileID: 8389138379088563919}
  - {fileID: 8391046770534408171}
  - {fileID: 8391321166988166289}
  - {fileID: 8391101262164652465}
  - {fileID: 8389631779498427225}
  - {fileID: 8389139535874143285}
  - {fileID: 8391029996232515641}
  - {fileID: 8389461049793590909}
  - {fileID: 8390926555182614805}
  - {fileID: 8390981939784217413}
  - {fileID: 8391013681343987675}
  - {fileID: 8389101080362745969}
  m_BlendShapeWeights: []
  m_RootBone: {fileID: 8389095756175826329}
  m_AABB:
    m_Center: {x: -0.00000017881393, y: 0.8778482, z: -0.02643843}
    m_Extent: {x: 1.0245624, y: 0.9945602, z: 0.3084479}
  m_DirtyAABB: 0
--- !u!1 &8393508953745592551
GameObject:
  m_ObjectHideFlags: 0
  m_CorrespondingSourceObject: {fileID: 0}
  m_PrefabInstance: {fileID: 0}
  m_PrefabAsset: {fileID: 0}
  serializedVersion: 6
  m_Component:
  - component: {fileID: 8390982632727153697}
  m_Layer: 0
  m_Name: Eyebrows
  m_TagString: Untagged
  m_Icon: {fileID: 0}
  m_NavMeshLayer: 0
  m_StaticEditorFlags: 0
  m_IsActive: 1
--- !u!4 &8390982632727153697
Transform:
  m_ObjectHideFlags: 0
  m_CorrespondingSourceObject: {fileID: 0}
  m_PrefabInstance: {fileID: 0}
  m_PrefabAsset: {fileID: 0}
  m_GameObject: {fileID: 8393508953745592551}
  m_LocalRotation: {x: 0, y: -0, z: -0, w: 1}
  m_LocalPosition: {x: 2.5243548e-31, y: 0.1276692, z: 0.12272215}
  m_LocalScale: {x: 1, y: 1, z: 1}
  m_Children: []
  m_Father: {fileID: 8389409392993831221}
  m_RootOrder: 0
  m_LocalEulerAnglesHint: {x: 0, y: 0, z: 0}
--- !u!1 &8393515696140021365
GameObject:
  m_ObjectHideFlags: 0
  m_CorrespondingSourceObject: {fileID: 0}
  m_PrefabInstance: {fileID: 0}
  m_PrefabAsset: {fileID: 0}
  serializedVersion: 6
  m_Component:
  - component: {fileID: 8389631779498427225}
  m_Layer: 0
  m_Name: Ankle_R
  m_TagString: Untagged
  m_Icon: {fileID: 0}
  m_NavMeshLayer: 0
  m_StaticEditorFlags: 0
  m_IsActive: 1
--- !u!4 &8389631779498427225
Transform:
  m_ObjectHideFlags: 0
  m_CorrespondingSourceObject: {fileID: 0}
  m_PrefabInstance: {fileID: 0}
  m_PrefabAsset: {fileID: 0}
  m_GameObject: {fileID: 8393515696140021365}
  m_LocalRotation: {x: 0.85767007, y: 0.507213, z: 0.039752707, w: -0.0745436}
  m_LocalPosition: {x: -0.3771235, y: -7.771561e-17, z: 1.6819879e-16}
  m_LocalScale: {x: 1, y: 1, z: 1}
  m_Children:
  - {fileID: 8389139535874143285}
  m_Father: {fileID: 8391101262164652465}
  m_RootOrder: 0
  m_LocalEulerAnglesHint: {x: 0, y: 0, z: 0}
--- !u!1 &8393521726037633505
GameObject:
  m_ObjectHideFlags: 0
  m_CorrespondingSourceObject: {fileID: 0}
  m_PrefabInstance: {fileID: 0}
  m_PrefabAsset: {fileID: 0}
  serializedVersion: 6
  m_Component:
  - component: {fileID: 8389095756175826329}
  m_Layer: 0
  m_Name: Root
  m_TagString: Untagged
  m_Icon: {fileID: 0}
  m_NavMeshLayer: 0
  m_StaticEditorFlags: 0
  m_IsActive: 1
--- !u!4 &8389095756175826329
Transform:
  m_ObjectHideFlags: 0
  m_CorrespondingSourceObject: {fileID: 0}
  m_PrefabInstance: {fileID: 0}
  m_PrefabAsset: {fileID: 0}
  m_GameObject: {fileID: 8393521726037633505}
  m_LocalRotation: {x: 0, y: -0, z: -0, w: 1}
  m_LocalPosition: {x: -0, y: 0, z: 0}
  m_LocalScale: {x: 1, y: 1, z: 1}
  m_Children:
  - {fileID: 8389408962500826413}
  m_Father: {fileID: 8389487996572284325}
  m_RootOrder: 8
  m_LocalEulerAnglesHint: {x: 0, y: 0, z: 0}
--- !u!1 &8393530493039017667
GameObject:
  m_ObjectHideFlags: 0
  m_CorrespondingSourceObject: {fileID: 0}
  m_PrefabInstance: {fileID: 0}
  m_PrefabAsset: {fileID: 0}
  serializedVersion: 6
  m_Component:
  - component: {fileID: 8391242166873930931}
  m_Layer: 0
  m_Name: Thumb_01
  m_TagString: Untagged
  m_Icon: {fileID: 0}
  m_NavMeshLayer: 0
  m_StaticEditorFlags: 0
  m_IsActive: 1
--- !u!4 &8391242166873930931
Transform:
  m_ObjectHideFlags: 0
  m_CorrespondingSourceObject: {fileID: 0}
  m_PrefabInstance: {fileID: 0}
  m_PrefabAsset: {fileID: 0}
  m_GameObject: {fileID: 8393530493039017667}
  m_LocalRotation: {x: 0.025480643, y: 0.27684274, z: 0.08803956, w: 0.9565343}
  m_LocalPosition: {x: -0.035140477, y: -0.011706916, z: 0.045055393}
  m_LocalScale: {x: 1, y: 1, z: 1}
  m_Children:
  - {fileID: 8390935819691015197}
  m_Father: {fileID: 8389197432177450393}
  m_RootOrder: 2
  m_LocalEulerAnglesHint: {x: 0, y: 0, z: 0}
--- !u!1 &8393551598530406897
GameObject:
  m_ObjectHideFlags: 0
  m_CorrespondingSourceObject: {fileID: 0}
  m_PrefabInstance: {fileID: 0}
  m_PrefabAsset: {fileID: 0}
  serializedVersion: 6
  m_Component:
  - component: {fileID: 8390986888522791073}
  m_Layer: 0
  m_Name: Eyes
  m_TagString: Untagged
  m_Icon: {fileID: 0}
  m_NavMeshLayer: 0
  m_StaticEditorFlags: 0
  m_IsActive: 1
--- !u!4 &8390986888522791073
Transform:
  m_ObjectHideFlags: 0
  m_CorrespondingSourceObject: {fileID: 0}
  m_PrefabInstance: {fileID: 0}
  m_PrefabAsset: {fileID: 0}
  m_GameObject: {fileID: 8393551598530406897}
  m_LocalRotation: {x: 0, y: -0, z: -0, w: 1}
  m_LocalPosition: {x: -2.0510383e-31, y: 0.09447606, z: 0.12272215}
  m_LocalScale: {x: 1, y: 1, z: 1}
  m_Children: []
  m_Father: {fileID: 8389409392993831221}
  m_RootOrder: 1
  m_LocalEulerAnglesHint: {x: 0, y: 0, z: 0}
--- !u!1 &8393558657345240237
GameObject:
  m_ObjectHideFlags: 0
  m_CorrespondingSourceObject: {fileID: 0}
  m_PrefabInstance: {fileID: 0}
  m_PrefabAsset: {fileID: 0}
  serializedVersion: 6
  m_Component:
  - component: {fileID: 8390935819691015197}
  m_Layer: 0
  m_Name: Thumb_02
  m_TagString: Untagged
  m_Icon: {fileID: 0}
  m_NavMeshLayer: 0
  m_StaticEditorFlags: 0
  m_IsActive: 1
--- !u!4 &8390935819691015197
Transform:
  m_ObjectHideFlags: 0
  m_CorrespondingSourceObject: {fileID: 0}
  m_PrefabInstance: {fileID: 0}
  m_PrefabAsset: {fileID: 0}
  m_GameObject: {fileID: 8393558657345240237}
  m_LocalRotation: {x: -0.039942026, y: -0.1178403, z: 0.14163578, w: 0.98206806}
  m_LocalPosition: {x: -0.06370214, y: -6.1062266e-18, z: 4.440892e-18}
  m_LocalScale: {x: 1, y: 1, z: 1}
  m_Children:
  - {fileID: 8389513068079751343}
  m_Father: {fileID: 8391242166873930931}
  m_RootOrder: 0
  m_LocalEulerAnglesHint: {x: 0, y: 0, z: 0}
--- !u!1 &8393558735114517755
GameObject:
  m_ObjectHideFlags: 0
  m_CorrespondingSourceObject: {fileID: 0}
  m_PrefabInstance: {fileID: 0}
  m_PrefabAsset: {fileID: 0}
  serializedVersion: 6
  m_Component:
  - component: {fileID: 8389543531187712909}
  m_Layer: 0
  m_Name: Spine_03
  m_TagString: Untagged
  m_Icon: {fileID: 0}
  m_NavMeshLayer: 0
  m_StaticEditorFlags: 0
  m_IsActive: 1
--- !u!4 &8389543531187712909
Transform:
  m_ObjectHideFlags: 0
  m_CorrespondingSourceObject: {fileID: 0}
  m_PrefabInstance: {fileID: 0}
  m_PrefabAsset: {fileID: 0}
  m_GameObject: {fileID: 8393558735114517755}
  m_LocalRotation: {x: 0.9938103, y: -0.11109032, z: -3.483493e-17, w: -6.5507636e-17}
  m_LocalPosition: {x: -0.17903724, y: 2.2204459e-17, z: 7.509725e-17}
  m_LocalScale: {x: 1, y: 1, z: 1}
  m_Children:
  - {fileID: 8389177233363413309}
  - {fileID: 8389552774238927605}
  - {fileID: 8389573768149113811}
  m_Father: {fileID: 8389307283019632639}
  m_RootOrder: 0
  m_LocalEulerAnglesHint: {x: 0, y: 0, z: 0}
--- !u!1 &8394299371174825979
GameObject:
  m_ObjectHideFlags: 0
  m_CorrespondingSourceObject: {fileID: 0}
  m_PrefabInstance: {fileID: 0}
  m_PrefabAsset: {fileID: 0}
  serializedVersion: 6
  m_Component:
  - component: {fileID: 8391210456740206237}
  m_Layer: 0
  m_Name: Finger_02 1
  m_TagString: Untagged
  m_Icon: {fileID: 0}
  m_NavMeshLayer: 0
  m_StaticEditorFlags: 0
  m_IsActive: 1
--- !u!4 &8391210456740206237
Transform:
  m_ObjectHideFlags: 0
  m_CorrespondingSourceObject: {fileID: 0}
  m_PrefabInstance: {fileID: 0}
  m_PrefabAsset: {fileID: 0}
  m_GameObject: {fileID: 8394299371174825979}
  m_LocalRotation: {x: 0.0026372706, y: 0.019492026, z: 0.02126933, w: 0.99958026}
  m_LocalPosition: {x: 0.04248809, y: 0.00000026534414, z: -0.000000019789931}
  m_LocalScale: {x: 1, y: 1, z: 1}
  m_Children:
  - {fileID: 8389138379088563919}
  m_Father: {fileID: 8389167309861562965}
  m_RootOrder: 0
  m_LocalEulerAnglesHint: {x: 0, y: 0, z: 0}
--- !u!1 &8394301869826554313
GameObject:
  m_ObjectHideFlags: 0
  m_CorrespondingSourceObject: {fileID: 0}
  m_PrefabInstance: {fileID: 0}
  m_PrefabAsset: {fileID: 0}
  serializedVersion: 6
  m_Component:
  - component: {fileID: 8391101262164652465}
  m_Layer: 0
  m_Name: LowerLeg_R
  m_TagString: Untagged
  m_Icon: {fileID: 0}
  m_NavMeshLayer: 0
  m_StaticEditorFlags: 0
  m_IsActive: 1
--- !u!4 &8391101262164652465
Transform:
  m_ObjectHideFlags: 0
  m_CorrespondingSourceObject: {fileID: 0}
  m_PrefabInstance: {fileID: 0}
  m_PrefabAsset: {fileID: 0}
  m_GameObject: {fileID: 8394301869826554313}
  m_LocalRotation: {x: 0.64437777, y: 0.024462728, z: -0.00473771, w: 0.7643013}
  m_LocalPosition: {x: -0.39930904, y: -6.883383e-17, z: -5.3342145e-17}
  m_LocalScale: {x: 1, y: 1, z: 1}
  m_Children:
  - {fileID: 8389631779498427225}
  m_Father: {fileID: 8391321166988166289}
  m_RootOrder: 0
  m_LocalEulerAnglesHint: {x: 0, y: 0, z: 0}
--- !u!1 &8394307630841325551
GameObject:
  m_ObjectHideFlags: 0
  m_CorrespondingSourceObject: {fileID: 0}
  m_PrefabInstance: {fileID: 0}
  m_PrefabAsset: {fileID: 0}
  serializedVersion: 6
  m_Component:
  - component: {fileID: 8389552792812723747}
  m_Layer: 0
  m_Name: Shoulder_R
  m_TagString: Untagged
  m_Icon: {fileID: 0}
  m_NavMeshLayer: 0
  m_StaticEditorFlags: 0
  m_IsActive: 1
--- !u!4 &8389552792812723747
Transform:
  m_ObjectHideFlags: 0
  m_CorrespondingSourceObject: {fileID: 0}
  m_PrefabInstance: {fileID: 0}
  m_PrefabAsset: {fileID: 0}
  m_GameObject: {fileID: 8394307630841325551}
  m_LocalRotation: {x: 0.0113281235, y: 0.23685996, z: 0.03380652, w: 0.9708894}
  m_LocalPosition: {x: 0.1319786, y: 0.0000064733913, z: 0.000000047353424}
  m_LocalScale: {x: 1, y: 1, z: 1}
  m_Children:
  - {fileID: 8389168554372692697}
  m_Father: {fileID: 8389552774238927605}
  m_RootOrder: 0
  m_LocalEulerAnglesHint: {x: 0, y: 0, z: 0}
--- !u!1 &8394310534259696009
GameObject:
  m_ObjectHideFlags: 0
  m_CorrespondingSourceObject: {fileID: 0}
  m_PrefabInstance: {fileID: 0}
  m_PrefabAsset: {fileID: 0}
  serializedVersion: 6
  m_Component:
  - component: {fileID: 8390894246757033521}
  m_Layer: 0
  m_Name: Hand_R
  m_TagString: Untagged
  m_Icon: {fileID: 0}
  m_NavMeshLayer: 0
  m_StaticEditorFlags: 0
  m_IsActive: 1
--- !u!4 &8390894246757033521
Transform:
  m_ObjectHideFlags: 0
  m_CorrespondingSourceObject: {fileID: 0}
  m_PrefabInstance: {fileID: 0}
  m_PrefabAsset: {fileID: 0}
  m_GameObject: {fileID: 8394310534259696009}
  m_LocalRotation: {x: -1.0083177e-16, y: -0.035830766, z: -1.1722682e-15, w: 0.9993579}
  m_LocalPosition: {x: 0.2711449, y: -2.842171e-16, z: 0.00038136088}
  m_LocalScale: {x: 1, y: 1, z: 1}
  m_Children:
  - {fileID: 8389167309861562965}
  - {fileID: 8389434950202092681}
  - {fileID: 8389106850922205253}
  m_Father: {fileID: 8389168554372692697}
  m_RootOrder: 0
  m_LocalEulerAnglesHint: {x: 0, y: 0, z: 0}
--- !u!1 &8394321201669997687
GameObject:
  m_ObjectHideFlags: 0
  m_CorrespondingSourceObject: {fileID: 0}
  m_PrefabInstance: {fileID: 0}
  m_PrefabAsset: {fileID: 0}
  serializedVersion: 6
  m_Component:
  - component: {fileID: 8389125669395587251}
  - component: {fileID: 8472645808670477061}
  m_Layer: 0
  m_Name: Character_Business_Man_01
  m_TagString: Untagged
  m_Icon: {fileID: 0}
  m_NavMeshLayer: 0
  m_StaticEditorFlags: 0
  m_IsActive: 0
--- !u!4 &8389125669395587251
Transform:
  m_ObjectHideFlags: 0
  m_CorrespondingSourceObject: {fileID: 0}
  m_PrefabInstance: {fileID: 0}
  m_PrefabAsset: {fileID: 0}
  m_GameObject: {fileID: 8394321201669997687}
  m_LocalRotation: {x: 0, y: -0, z: -0, w: 1}
  m_LocalPosition: {x: -0, y: 0, z: 0}
  m_LocalScale: {x: 1, y: 1, z: 1}
  m_Children: []
  m_Father: {fileID: 8389487996572284325}
  m_RootOrder: 1
  m_LocalEulerAnglesHint: {x: 0, y: 0, z: 0}
--- !u!137 &8472645808670477061
SkinnedMeshRenderer:
  m_ObjectHideFlags: 0
  m_CorrespondingSourceObject: {fileID: 0}
  m_PrefabInstance: {fileID: 0}
  m_PrefabAsset: {fileID: 0}
  m_GameObject: {fileID: 8394321201669997687}
  m_Enabled: 1
  m_CastShadows: 1
  m_ReceiveShadows: 1
  m_DynamicOccludee: 1
  m_MotionVectors: 1
  m_LightProbeUsage: 1
  m_ReflectionProbeUsage: 1
  m_RayTracingMode: 0
  m_RenderingLayerMask: 1
  m_RendererPriority: 0
  m_Materials:
  - {fileID: 2100000, guid: 66a8a6e30880caa48908020cf5388217, type: 2}
  m_StaticBatchInfo:
    firstSubMesh: 0
    subMeshCount: 0
  m_StaticBatchRoot: {fileID: 0}
  m_ProbeAnchor: {fileID: 0}
  m_LightProbeVolumeOverride: {fileID: 0}
  m_ScaleInLightmap: 1
  m_ReceiveGI: 1
  m_PreserveUVs: 0
  m_IgnoreNormalsForChartDetection: 0
  m_ImportantGI: 0
  m_StitchLightmapSeams: 1
  m_SelectedEditorRenderState: 3
  m_MinimumChartSize: 4
  m_AutoUVMaxDistance: 0.5
  m_AutoUVMaxAngle: 89
  m_LightmapParameters: {fileID: 0}
  m_SortingLayerID: 0
  m_SortingLayer: 0
  m_SortingOrder: 0
  serializedVersion: 2
  m_Quality: 0
  m_UpdateWhenOffscreen: 0
  m_SkinnedMotionVectors: 1
  m_Mesh: {fileID: 4300012, guid: 4837235d67e136e4b883adb2bafc73e8, type: 3}
  m_Bones:
  - {fileID: 8389095756175826329}
  - {fileID: 8389408962500826413}
  - {fileID: 8389432448114746949}
  - {fileID: 8389307283019632639}
  - {fileID: 8389543531187712909}
  - {fileID: 8389573768149113811}
  - {fileID: 8389409392993831221}
  - {fileID: 8390986888522791073}
  - {fileID: 8390982632727153697}
  - {fileID: 8389177233363413309}
  - {fileID: 8391211083708973605}
  - {fileID: 8390861886403949115}
  - {fileID: 8389197432177450393}
  - {fileID: 8391242166873930931}
  - {fileID: 8390935819691015197}
  - {fileID: 8389513068079751343}
  - {fileID: 8389588707731646589}
  - {fileID: 8390871094137188097}
  - {fileID: 8391257055308476525}
  - {fileID: 8389407882750559755}
  - {fileID: 8389088017844970889}
  - {fileID: 8389150550846987049}
  - {fileID: 8389309203769365919}
  - {fileID: 8391248738274150385}
  - {fileID: 8389552774238927605}
  - {fileID: 8389552792812723747}
  - {fileID: 8389168554372692697}
  - {fileID: 8390894246757033521}
  - {fileID: 8389106850922205253}
  - {fileID: 8390899113500920519}
  - {fileID: 8390817889460386841}
  - {fileID: 8389434950202092681}
  - {fileID: 8391265846660642303}
  - {fileID: 8389572441846045411}
  - {fileID: 8390783855707380407}
  - {fileID: 8389167309861562965}
  - {fileID: 8391210456740206237}
  - {fileID: 8389138379088563919}
  - {fileID: 8391046770534408171}
  - {fileID: 8391321166988166289}
  - {fileID: 8391101262164652465}
  - {fileID: 8389631779498427225}
  - {fileID: 8389139535874143285}
  - {fileID: 8391029996232515641}
  - {fileID: 8389461049793590909}
  - {fileID: 8390926555182614805}
  - {fileID: 8390981939784217413}
  - {fileID: 8391013681343987675}
  - {fileID: 8389101080362745969}
  m_BlendShapeWeights: []
  m_RootBone: {fileID: 8389095756175826329}
  m_AABB:
    m_Center: {x: 0.0000013113022, y: 0.8818508, z: -0.034176975}
    m_Extent: {x: 1.0245589, y: 0.9799493, z: 0.3011959}
  m_DirtyAABB: 0
--- !u!1 &8394331450716738365
GameObject:
  m_ObjectHideFlags: 0
  m_CorrespondingSourceObject: {fileID: 0}
  m_PrefabInstance: {fileID: 0}
  m_PrefabAsset: {fileID: 0}
  serializedVersion: 6
  m_Component:
  - component: {fileID: 8389168554372692697}
  m_Layer: 0
  m_Name: Elbow_R
  m_TagString: Untagged
  m_Icon: {fileID: 0}
  m_NavMeshLayer: 0
  m_StaticEditorFlags: 0
  m_IsActive: 1
--- !u!4 &8389168554372692697
Transform:
  m_ObjectHideFlags: 0
  m_CorrespondingSourceObject: {fileID: 0}
  m_PrefabInstance: {fileID: 0}
  m_PrefabAsset: {fileID: 0}
  m_GameObject: {fileID: 8394331450716738365}
  m_LocalRotation: {x: 0.0016838326, y: 0.040749595, z: -0.041251875, w: 0.99831605}
  m_LocalPosition: {x: 0.3394746, y: 0.0014475863, z: 0.0014362636}
  m_LocalScale: {x: 1, y: 1, z: 1}
  m_Children:
  - {fileID: 8390894246757033521}
  m_Father: {fileID: 8389552792812723747}
  m_RootOrder: 0
  m_LocalEulerAnglesHint: {x: 0, y: 0, z: 0}
--- !u!1 &8394371325798802769
GameObject:
  m_ObjectHideFlags: 0
  m_CorrespondingSourceObject: {fileID: 0}
  m_PrefabInstance: {fileID: 0}
  m_PrefabAsset: {fileID: 0}
  serializedVersion: 6
  m_Component:
  - component: {fileID: 8390840837803887799}
  - component: {fileID: 8472818796858123139}
  m_Layer: 0
  m_Name: Character_Gunman_01
  m_TagString: Untagged
  m_Icon: {fileID: 0}
  m_NavMeshLayer: 0
  m_StaticEditorFlags: 0
  m_IsActive: 0
--- !u!4 &8390840837803887799
Transform:
  m_ObjectHideFlags: 0
  m_CorrespondingSourceObject: {fileID: 0}
  m_PrefabInstance: {fileID: 0}
  m_PrefabAsset: {fileID: 0}
  m_GameObject: {fileID: 8394371325798802769}
  m_LocalRotation: {x: 0, y: -0, z: -0, w: 1}
  m_LocalPosition: {x: -0, y: 0, z: 0}
  m_LocalScale: {x: 1, y: 1, z: 1}
  m_Children: []
  m_Father: {fileID: 8389487996572284325}
  m_RootOrder: 4
  m_LocalEulerAnglesHint: {x: 0, y: 0, z: 0}
--- !u!137 &8472818796858123139
SkinnedMeshRenderer:
  m_ObjectHideFlags: 0
  m_CorrespondingSourceObject: {fileID: 0}
  m_PrefabInstance: {fileID: 0}
  m_PrefabAsset: {fileID: 0}
  m_GameObject: {fileID: 8394371325798802769}
  m_Enabled: 1
  m_CastShadows: 1
  m_ReceiveShadows: 1
  m_DynamicOccludee: 1
  m_MotionVectors: 1
  m_LightProbeUsage: 1
  m_ReflectionProbeUsage: 1
  m_RayTracingMode: 0
  m_RenderingLayerMask: 1
  m_RendererPriority: 0
  m_Materials:
  - {fileID: 2100000, guid: 66a8a6e30880caa48908020cf5388217, type: 2}
  m_StaticBatchInfo:
    firstSubMesh: 0
    subMeshCount: 0
  m_StaticBatchRoot: {fileID: 0}
  m_ProbeAnchor: {fileID: 0}
  m_LightProbeVolumeOverride: {fileID: 0}
  m_ScaleInLightmap: 1
  m_ReceiveGI: 1
  m_PreserveUVs: 0
  m_IgnoreNormalsForChartDetection: 0
  m_ImportantGI: 0
  m_StitchLightmapSeams: 1
  m_SelectedEditorRenderState: 3
  m_MinimumChartSize: 4
  m_AutoUVMaxDistance: 0.5
  m_AutoUVMaxAngle: 89
  m_LightmapParameters: {fileID: 0}
  m_SortingLayerID: 0
  m_SortingLayer: 0
  m_SortingOrder: 0
  serializedVersion: 2
  m_Quality: 0
  m_UpdateWhenOffscreen: 0
  m_SkinnedMotionVectors: 1
  m_Mesh: {fileID: 4300008, guid: 4837235d67e136e4b883adb2bafc73e8, type: 3}
  m_Bones:
  - {fileID: 8389095756175826329}
  - {fileID: 8389408962500826413}
  - {fileID: 8389432448114746949}
  - {fileID: 8389307283019632639}
  - {fileID: 8389543531187712909}
  - {fileID: 8389573768149113811}
  - {fileID: 8389409392993831221}
  - {fileID: 8390986888522791073}
  - {fileID: 8390982632727153697}
  - {fileID: 8389177233363413309}
  - {fileID: 8391211083708973605}
  - {fileID: 8390861886403949115}
  - {fileID: 8389197432177450393}
  - {fileID: 8391242166873930931}
  - {fileID: 8390935819691015197}
  - {fileID: 8389513068079751343}
  - {fileID: 8389588707731646589}
  - {fileID: 8390871094137188097}
  - {fileID: 8391257055308476525}
  - {fileID: 8389407882750559755}
  - {fileID: 8389088017844970889}
  - {fileID: 8389150550846987049}
  - {fileID: 8389309203769365919}
  - {fileID: 8391248738274150385}
  - {fileID: 8389552774238927605}
  - {fileID: 8389552792812723747}
  - {fileID: 8389168554372692697}
  - {fileID: 8390894246757033521}
  - {fileID: 8389106850922205253}
  - {fileID: 8390899113500920519}
  - {fileID: 8390817889460386841}
  - {fileID: 8389434950202092681}
  - {fileID: 8391265846660642303}
  - {fileID: 8389572441846045411}
  - {fileID: 8390783855707380407}
  - {fileID: 8389167309861562965}
  - {fileID: 8391210456740206237}
  - {fileID: 8389138379088563919}
  - {fileID: 8391046770534408171}
  - {fileID: 8391321166988166289}
  - {fileID: 8391101262164652465}
  - {fileID: 8389631779498427225}
  - {fileID: 8389139535874143285}
  - {fileID: 8391029996232515641}
  - {fileID: 8389461049793590909}
  - {fileID: 8390926555182614805}
  - {fileID: 8390981939784217413}
  - {fileID: 8391013681343987675}
  - {fileID: 8389101080362745969}
  m_BlendShapeWeights: []
  m_RootBone: {fileID: 8389095756175826329}
  m_AABB:
    m_Center: {x: 0.000000059604645, y: 0.88612187, z: -0.02615501}
    m_Extent: {x: 1.0261514, y: 0.99978817, z: 0.3183856}
  m_DirtyAABB: 0
--- !u!1 &8394378757765298623
GameObject:
  m_ObjectHideFlags: 0
  m_CorrespondingSourceObject: {fileID: 0}
  m_PrefabInstance: {fileID: 0}
  m_PrefabAsset: {fileID: 0}
  serializedVersion: 6
  m_Component:
  - component: {fileID: 8390817889460386841}
  m_Layer: 0
  m_Name: Thumb_03 1
  m_TagString: Untagged
  m_Icon: {fileID: 0}
  m_NavMeshLayer: 0
  m_StaticEditorFlags: 0
  m_IsActive: 1
--- !u!4 &8390817889460386841
Transform:
  m_ObjectHideFlags: 0
  m_CorrespondingSourceObject: {fileID: 0}
  m_PrefabInstance: {fileID: 0}
  m_PrefabAsset: {fileID: 0}
  m_GameObject: {fileID: 8394378757765298623}
  m_LocalRotation: {x: -0.036403257, y: -0.15203467, z: -0.22999534, w: 0.9605532}
  m_LocalPosition: {x: 0.056655083, y: 0.00000009835502, z: -0.00000020279542}
  m_LocalScale: {x: 1, y: 1, z: 1}
  m_Children: []
  m_Father: {fileID: 8390899113500920519}
  m_RootOrder: 0
  m_LocalEulerAnglesHint: {x: 0, y: 0, z: 0}
